2948 4942
510 378 601 419 sasai
621 366 799 418 uuuarrnos
821 378 841 419 v

190 528 257 589 illos
280 547 295 588 e
319 528 448 606 scopulis
471 536 501 587 et
523 546 637 587 summo
661 530 771 588 vertice
793 528 904 587 montis

191 657 311 718 spumea
334 640 466 717 porrecti
490 638 665 698 dirimentes
687 646 770 716 terga
792 638 933 717 profundi

193 751 402 828 prosequimur
424 751 501 819 visu,
525 749 619 809 donec
642 748 762 809 lassavit
784 749 902 808 hiantes

190 860 240 920 lux
262 859 362 920 oculos
384 859 564 938 longumque
587 860 654 938 polo
677 867 836 919 contexere
858 861 920 918 visa
943 866 989 918 est

80 956 87 965 ’
191 989 303 1049 aequor
324 979 354 1031 et
377 972 502 1030 extremi
526 972 636 1049 pressit
657 972 734 1031 ireta
756 972 891 1047 margine
914 968 998 1029 caeli.
1032 958 1039 971 '

190 1083 267 1142 iama
290 1081 370 1141 subit
392 1088 510 1160 portus,
533 1086 649 1140 vectum
672 1090 756 1141 trans
777 1080 835 1141 alta
858 1080 991 1139 Thoanta

97 1174 100 1179 ’
191 1193 319 1253 fraterna
342 1209 469 1269 regnare
493 1191 580 1261 Chio,
604 1191 677 1250 mihi
701 1192 825 1250 crimina
848 1191 940 1260 nulla,

192 1308 221 1363 et
243 1321 350 1363 vacuos
372 1304 480 1362 arsisse
503 1319 607 1378 rogos;
631 1303 732 1362 fremit
754 1302 845 1379 impia
869 1300 971 1380 plebes

191 1413 326 1473 sontibus
348 1431 489 1472 accensae
514 1413 642 1473 stimulis
664 1413 838 1490 facinusque
862 1419 1030 1490 reposcunt.

191 1526 263 1603 quin
286 1526 374 1583 etiam
397 1523 530 1583 occultae
555 1522 639 1601 vulgo
661 1522 888 1583 increbrescere
910 1540 1013 1582 voces:
1184 1523 1247 1582 490

192 1634 316 1694 “solane
339 1634 395 1694 srda
419 1636 497 1703 suis,
520 1652 575 1693 nos
597 1641 695 1693 autern
718 1636 749 1694 in
771 1634 876 1693 lunera
899 1633 1012 1693 laetae?

190 1763 250 1804 non
272 1746 345 1805 deus
367 1744 440 1803 baec
462 1745 630 1824 latumque,
655 1744 732 1822 quod
757 1746 884 1823 imperat
905 1742 980 1804 urbe
1003 1741 1161 1803 nefanda.”

190 1855 301 1915 talibus
323 1855 465 1915 exanimis
488 1855 577 1915 dietis
600 1852 640 1933 let
663 1857 748 1914 triste
771 1857 952 1933 propinquat

119 1957 121 1960 ’
191 1966 384 2045 supplicium,
407 1983 461 2025 nee
483 1983 575 2042 regna
598 1965 708 2046 iuvant)
733 1981 804 2041 vaga
827 1963 913 2025 litora
937 1964 1039 2024 lurtim

192 2079 363 2137 incomitata
386 2094 495 2156 sequor
517 2077 695 2154 funestaque
716 2076 833 2134 moenia
856 2074 973 2153 linquo,
1184 2076 1245 2135 495

190 2205 247 2266 qua
269 2188 338 2264 luga
361 2195 429 2246 nota
452 2189 561 2266 patris;
585 2186 636 2246 sed
660 2205 718 2246 non
742 2189 850 2245 iterum
873 2185 978 2245 obvius
999 2184 1119 2254 Euhan,

102 2341 310 2348 .---.-.---

100 2444 232 2486 TESTES·
255 2443 427 2486 Avcnonns.
450 2443 651 2484 IMITATORES.

173 2542 222 2591 481
233 2557 291 2606 sqq.
304 2541 340 2591 cf.
352 2540 434 2591 ovid.
445 2545 508 2590 met.
522 2541 561 2589 XI
573 2542 623 2591 463
634 2556 691 2605 sqq.
705 2541 869 2605 aequalique
883 2540 943 2589 ictu
955 2540 1086 2590 scindunt
1099 2542 1181 2591 freta.
1201 2556 1247 2591 su-

100 2609 185 2661 stulit
196 2609 246 2659 illa
258 2613 383 2659 umentes
396 2608 499 2671 oculos,
513 2612 686 2673 stantemque
699 2609 728 2657 in
738 2624 829 2672 puppe
839 2623 955 2659 recurva
968 2623 1155 2674 concussaque
1165 2624 1248 2659 manu

101 2679 218 2729 dantem
237 2677 291 2727 sibi
309 2677 389 2741 signa
407 2677 534 2726 moritum
554 2677 640 2741 prime
657 2676 734 2725 videt
756 2675 903 2740 redditque
922 2680 1011 2726 notas.
1046 2677 1094 2726 nbi
1113 2682 1187 2726 terra
1206 2693 1246 2727 re-

100 2747 191 2796 cessit
214 2745 322 2810 longius
346 2749 429 2808 atque
448 2744 521 2794 oculi
539 2749 681 2808 nequeunt
704 2759 871 2807 cognoscere
890 2743 996 2804 vultus,
1021 2744 1084 2793 dum
1103 2745 1182 2806 licet,
1205 2746 1246 2794 in-

101 2813 231 2877 sequitur
243 2813 395 2878 fugientem
408 2810 510 2861 lumine
524 2813 624 2875 pinum.
655 2812 725 2861 haec
745 2827 852 2875 quoque
870 2816 901 2860 ut
918 2811 992 2861 haud
1011 2817 1135 2876 poterat,
1156 2815 1246 2876 spatio

101 2885 254 2943 summota,
272 2880 377 2941 videri,
397 2879 461 2929 vela
479 2884 570 2929 tamen
589 2884 699 2944 spectat
718 2895 820 2928 summo
838 2877 978 2928 fluitantia
996 2880 1067 2928 malo
1135 2882 1185 2930 482
1210 2882 1246 2931 ef.

100 2951 219 3000 Persius
236 2949 250 2998 l
269 2950 301 2998 94
320 2949 366 3012 qui
385 2948 543 2997 caeruleum
563 2947 708 2997 dirimebat
726 2949 817 2998 Nerea
837 2946 948 3011 delphin

101 3085 308 3094 ...—-...——---

99 3188 201 3233 VARIA
222 3187 347 3228 Lucrro.

189 3289 250 3346 481
267 3306 328 3362 sqq.
356 3289 396 3363 cf.
416 3291 501 3346 Theb.
518 3290 562 3345 llll
584 3288 623 3344 24
639 3306 700 3362 sqq.
722 3289 766 3345 Vll
783 3290 841 3346 139
858 3306 918 3362 sqq.
943 3293 1003 3347 silo.
1019 3289 1040 3344 V
1056 3289 1091 3360 2,
1112 3292 1130 3346 5
1147 3306 1208 3363 sqq.
1238 3284 1247 3369 11

101 3395 118 3433 e
142 3374 260 3449 scopulis
276 3391 296 3445 p
312 3381 339 3430 et
355 3379 475 3432 coniecit
491 3374 668 3431 Bernartius
717 3381 745 3430 et
760 3375 876 3449 loopulil
888 3375 976 3430 PBM
1058 3373 1120 3432 483
1142 3375 1252 3431 biantes-

100 3462 245 3520 Heinsius
259 3463 288 3515 iu
305 3461 418 3516 advers.
433 3461 481 3516 lib.
497 3459 507 3513 l
522 3477 589 3531 cap.
602 3460 620 3516 3
634 3477 664 3531 p.
678 3459 727 3516 23.
753 3460 792 3533 af.
809 3461 895 3515 Theb.
910 3459 1027 3517 v11645
1113 3459 1174 3516 484
1191 3458 1248 3516 „iffi

100 3547 146 3603 est
170 3541 373 3617 (iteratus
453 3544 514 3601 485
542 3545 677 3617 margines
702 3545 729 3599 Β
814 3543 874 3601 486
901 3539 1016 3620 portus]
1043 3546 1055 3598 l
1080 3546 1157 3619 ponti
1184 3538 1213 3600 r²
1238 3538 1247 3623 11

100 3680 180 3738 trans
206 3640 264 3736 adta
293 3696 316 3734 π
406 3678 467 3737 488
497 3679 584 3753 plebil
610 3681 637 3734 P
726 3678 787 3737 489
820 3679 951 3736 Fontibus
978 3700 995 3735 r
1053 3747 1056 3752 .
1085 3678 1148 3737 490
1177 3658 1245 3746 Quin

98 3767 200 3823 aetiam
218 3765 245 3818 Β
266 3755 276 3841 11
299 3763 437 3820 occultes
459 3757 470 3841 11
492 3765 682 3820 increscereP
722 3764 936 3822 increbescerer
1021 3764 1080 3822 491
1104 3763 1246 3820 lunarem

100 3852 169 3907 edd.
185 3855 250 3906 vett.
275 3849 316 3920 cs.
336 3847 928 3921 Thebll176‘pureumiapraeconia’
946 3843 957 3927 11
979 3849 1048 3905 letae
1069 3867 1085 3905 c
1128 3850 1211 3905 iactae
1230 3850 1252 3921 f

190 3932 251 3990 492
267 3930 393 4012 fastumq.
414 3935 438 3988 B
454 3927 465 4011 11
487 3934 551 4008 quid
567 3934 619 4006 Bf.
643 3952 697 3990 non
714 3934 780 3989 deus
796 3935 861 3990 baec
875 3934 1032 4008 latumque?
1055 3933 1118 4008 quid
1133 3935 1247 4007 imperat

101 4052 173 4110 urbe
188 4051 320 4108 nefanda?
343 4054 484 4109 Bartbius
527 4023 723 4125 imperai'hene
738 4052 854 4108 landaP
896 4051 975 4128 urbse
991 4052 1019 4108 Β
1093 4051 1154 4109 493
1170 4051 1249 4108 dictis

102 4145 136 4194 et
164 4138 238 4193 triste
265 4143 331 4208 post
356 4154 492 4195 rasuram
522 4154 614 4193 resur.
642 4139 669 4193 P
696 4131 707 4215 11
738 4138 813 4209 triste
840 4139 975 4211 ppinquat
1002 4139 1029 4192 Β
1114 4136 1175 4194 494
1202 4137 1246 4194 lit·

102 4231 168 4278 tora
187 4221 250 4277 ΒΜ
268 4215 394 4299 1111116111
415 4224 441 4278 P
459 4239 535 4279 unias
558 4224 629 4278 Bel.
689 4223 763 4278 furto
786 4223 859 4294 ΒΜ,
887 4224 964 4295 quod
982 4239 1054 4278 sane
1075 4222 1166 4279 Statio
1187 4241 1246 4278 mo·

101 4309 150 4381 qis
171 4311 306 4363 usitatum
327 4315 384 4381 est,
414 4327 499 4380 quum
521 4310 685 4364 adverbium
712 4306 841 4379 ‘furtim'
934 4306 996 4364 495
1023 4308 1109 4362 menia
1127 4307 1161 4380 fc

103 4389 169 4448 496
184 4389 242 4458 Ouo
258 4384 315 4468 111
331 4386 443 4469 iterum]
461 4393 512 4448 luit
528 4409 603 4449 uaris
618 4393 691 4450 Bet.
709 4385 721 4469 11
737 4394 824 4448 eulran
839 4394 924 4465 [²ch
968 4409 1035 4449 enan
1050 4412 1077 4447 m

981 4487 1044 4550 14*
