2948 4942
579 345 670 387 STATI
692 344 870 389 THEBAIDOS
892 348 924 391 VI

261 495 379 556 tandem
402 500 571 574 expectatus
592 493 706 556 volucri
728 514 819 574 super
842 498 958 574 agmina
980 497 1055 559 saltu

261 607 366 668 emicat
388 612 417 666 et
438 612 515 665 torto
538 592 721 685 chlamydem
744 605 886 668 diffibulat
908 625 990 670 auro.

260 716 394 778 effulsere
417 724 511 784 artus,
535 714 797 794 membrorumque
820 718 915 779 omnis
937 726 1039 798 aperta
1062 725 1104 780 est

259 826 382 895 laetitia,
405 827 594 906 insignesque
616 827 725 897 umeri,
750 845 805 888 nec
826 836 947 921 pectora
970 829 1056 890 nudis

259 937 404 998 deteriora
428 937 526 1015 genis,
550 937 700 1016 patuitque
722 937 751 997 in
775 955 899 1018 corpore
921 940 1022 1001 virtus.

258 1051 320 1128 ipse
344 1054 441 1110 tamen
463 1047 575 1108 lormae
597 1045 714 1108 laudem
737 1056 914 1128 aspernatur
936 1058 965 1109 et
987 1057 1068 1112 arcet

258 1159 414 1227 mirantes;
439 1165 509 1218 tunc
530 1157 675 1219 Palladios
697 1177 756 1219 non
778 1159 887 1219 inscius
910 1159 1031 1222 haustus

257 1267 391 1330 incubuit
411 1269 573 1349 pinguique
596 1278 693 1331 cutem
716 1269 847 1331 luscatur
869 1269 954 1332 olivo.

258 1379 314 1440 boc
337 1378 419 1449 idas,
442 1378 499 1440 boc
522 1398 605 1440 more
628 1379 733 1458 Dymas
754 1379 862 1457 aliique
884 1380 1043 1443 nitescunt.

256 1491 298 1550 sic
320 1488 371 1549 ubi
393 1489 551 1578 tranquillo
573 1489 728 1569 perlucent
749 1489 845 1551 sidera
867 1498 958 1571 ponto

256 1598 445 1678 vibraturque
467 1599 551 1661 lretis
573 1600 646 1662 caeli
668 1600 812 1673 stellantis
832 1602 943 1680 imago,

257 1711 352 1772 omnia
375 1709 452 1771 clara
475 1713 584 1787 nitent,
606 1711 658 1772 sed
681 1711 787 1772 clarior
810 1713 905 1773 omnia
930 1730 1018 1793 supra

254 1821 404 1900 Hesperos
427 1828 539 1882 euertat
562 1820 673 1892 radios,
698 1829 883 1902 quantusque
903 1841 958 1902 per
979 1821 1070 1884 altum

254 1931 388 2000 aethera,
413 1929 555 1993 caeruleis
578 1939 676 1994 tantus
699 1939 879 1994 monstratur
900 1934 931 1993 in
954 1934 1049 1996 undis.

254 2044 406 2122 proximus
429 2049 457 2103 et
478 2043 573 2104 forma
596 2061 651 2104 nec
673 2041 798 2105 multum
821 2044 940 2122 segnior
961 2043 1027 2105 Idas

255 2150 391 2213 cursibus
411 2161 499 2230 atque
521 2171 592 2214 aevo
615 2155 694 2215 iuxta
715 2154 808 2233 prior.
853 2154 982 2216 attamen
1004 2153 1046 2216 illi

252 2266 313 2325 iam
335 2270 452 2324 tenuem
475 2265 599 2342 pingues
620 2262 725 2325 florem
746 2265 888 2326 induxere
910 2264 1090 2345 palaestrae,

253 2373 441 2452 deserpitque
463 2375 547 2451 genis
570 2392 624 2435 nec
647 2393 679 2435 se
700 2372 808 2453 lanugo
829 2376 939 2436 latetur

134 2506 145 2526 ο
168 2500 370 2521 ...h—..—

164 2596 294 2643 rnsrns.
319 2596 489 2640 ruccones.
511 2597 713 2641 immemores.
761 2578 764 2583 ’

235 2682 284 2730 573
303 2679 338 2732 cf.
351 2680 432 2743 Verg.
444 2679 512 2730 Aen.
525 2680 548 2729 V
560 2680 610 2729 344
622 2680 727 2745 gratior
744 2683 773 2731 et
790 2679 904 2746 pulchro
916 2681 1031 2732 veniens
1042 2682 1072 2732 in
1089 2697 1202 2747 corpore
1213 2681 1303 2734 virtue

235 2749 283 2799 581
307 2747 343 2802 of.
366 2747 429 2797 silv.
452 2748 527 2807 116,
546 2747 578 2797 36
602 2763 641 2812 sq.
664 2753 795 2813 quantum
817 2749 957 2814 praecedit
979 2749 1056 2800 clara
1078 2751 1195 2801 minores
1219 2752 1302 2801 Luna

164 2818 259 2878 faces,
279 2819 463 2880 quantumque
482 2815 551 2866 alios
569 2816 668 2880 premit
686 2816 826 2882 Hesperos
842 2817 922 2882 ignes
989 2819 1038 2867 586
1055 2819 1091 2868 cf.
1109 2818 1209 2885 Apulei
1227 2820 1301 2885 apol.

163 2902 195 2952 p.
213 2885 263 2935 315
283 2899 364 2948 quam
381 2882 512 2933 decenter
530 2884 666 2948 utrimque
684 2884 786 2950 lanugo
804 2884 884 2937 malis
901 2884 1030 2951 decerpat

162 3099 261 3144 vetata
282 3096 407 3140 nucum.

251 3183 312 3242 569
334 3192 362 3240 et
387 3184 521 3259 spectatus
536 3183 562 3256 f.
590 3185 630 3257 cs,
652 3204 677 3242 v.
695 3184 755 3242 739
782 3179 791 3264 ll
815 3187 864 3260 lup
885 3187 913 3243 B
933 3179 945 3264 ΙΙ
965 3186 1033 3243 saltu
1054 3204 1131 3245 corr.
1156 3203 1194 3244 ex
1214 3189 1300 3260 cultu,

163 3278 198 3328 ut
218 3272 342 3340 ridetur,
364 3271 426 3326 cad.
448 3286 524 3326 mon.
547 3285 564 3325 c
670 3269 732 3328 570
752 3278 811 3327 toto
838 3271 901 3344 (sed
919 3273 984 3328 odd.
1007 3289 1020 3326 r
1045 3274 1143 3329 ecdem
1165 3272 1261 3349 mortu)
1284 3291 1301 3330 c

250 3358 400 3465 45540511
422 3387 568 3462 clamydem
593 3389 620 3444 P
686 3388 824 3445 clamidem
845 3390 905 3463 ch
1009 3386 1068 3448 571
1090 3389 1250 3472 membropq.
1273 3394 1301 3449 Β

251 3471 312 3530 572
333 3473 447 3528 Laeticia
463 3466 538 3548 Bell
559 3473 678 3548 insignes
698 3472 762 3546 (que
783 3469 846 3550 om.)
870 3476 954 3548 Brfrr
976 3492 1050 3533 unus
1071 3476 1142 3532 Beb.
1214 3484 1241 3532 et
1260 3478 1300 3534 in·

163 3559 255 3633 lignei
279 3560 354 3614 alter
374 3558 446 3613 Beli.
469 3550 480 3633 11
502 3558 606 3613 humeri
626 3558 714 3615 PBM
732 3552 743 3635 ss
764 3554 856 3637 nudis]
880 3562 910 3617 id
932 3568 989 3617 est:
1013 3562 1185 3618 imberdibus
1267 3590 1270 3600 ·

164 3644 226 3701 573
247 3642 384 3725 beteriore
405 3640 514 3712 (ultimo
535 3659 550 3698 e
571 3659 647 3699 corr.
664 3647 693 3700 iu
708 3642 732 3715 a)
749 3643 776 3699 B
796 3636 809 3721 ΙΙ
828 3645 921 3718 aluitq.
938 3646 965 3702 in
986 3662 1101 3720 corpore
1116 3646 1203 3701 uirtul
1214 3639 1257 3701 P¹

164 3728 298 3801 latuitque
317 3728 344 3782 in
366 3742 480 3800 corpore
497 3725 616 3801 (pectore
630 3727 662 3800 rr)
678 3727 770 3783 uultus
782 3729 844 3785 BM
855 3730 1026 3803 scholiasta,
1043 3732 1120 3800 cdd,
1142 3732 1298 3788 substituit·

163 3817 265 3888 quein
280 3812 307 3867 P
320 3815 439 3885 antiquo
452 3814 574 3869 tectione
593 3814 687 3870 deleta
702 3830 805 3870 mortus
825 3818 969 3872 recentior
988 3831 1065 3871 socc.
1082 3815 1148 3872 XII
1201 3817 1300 3890 patuit·

164 3914 217 3971 que
237 3900 345 3968 scripsi
365 3911 404 3954 ecc
427 3900 595 3954 coniectura
615 3914 688 3954 meo.
720 3898 760 3970 cf.
784 3917 808 3955 o.
831 3898 891 3957 669
1004 3898 1065 3956 574
1088 3899 1249 3974 lpiaetamen
1270 3903 1299 3957 B

249 4014 310 4072 576
333 4014 404 4072 oiiua
425 4032 500 4072 unus
520 4016 592 4073 Bcb.
694 4016 753 4074 577
775 4016 859 4073 dimal
874 4018 907 4090 fc
1006 4017 1067 4077 578
1087 3990 1203 4094 plug⁰ent
1217 4021 1244 4076 P

163 4100 301 4176 pellucent
315 4119 342 4156 m
358 4102 418 4157 edd.
519 4101 579 4158 579
594 4100 717 4157 stillantis
722 4102 755 4157 -P
848 4101 908 4160 581
925 4102 1060 4177 Hesperus
1068 4103 1114 4176 fm
1129 4106 1191 4161 edd.
1209 4111 1273 4162 vett.
1288 4096 1297 4185 Η

163 4191 267 4243 exertat
282 4189 403 4242 coniecit
418 4185 602 4242 Schraderus
655 4194 762 4243 exercet
776 4187 863 4244 PBM
876 4189 937 4244 edd.
955 4181 966 4266 ΙΙ
981 4207 1001 4262 p
1016 4188 1044 4244 B
1128 4187 1189 4246 582
1206 4206 1297 4246 caeru-

162 4271 222 4326 leul
235 4263 280 4325 Β1
337 4270 482 4344 ceruleilf
576 4269 637 4328 583
653 4265 695 4348 et]
712 4271 790 4328 eltm
889 4271 950 4330 584
965 4272 1032 4329 tutu
1046 4289 1120 4330 unus
1135 4274 1205 4332 Bet.

164 4354 224 4413 585
240 4355 356 4430 palestrg
370 4355 423 4413 ΡΒ
437 4347 451 4436 Η
466 4356 505 4428 cs.
522 4360 582 4414 sito.
597 4354 631 4411 ΙΙΙ
646 4354 676 4429 4,
693 4354 732 4414 65
747 4373 789 4432 sq.
