2948 4942
546 371 638 414 STATI
660 371 836 412 THEBAIDOS
861 373 872 410 I

152 553 158 560 ·
231 522 357 603 Cynthus
380 527 410 580 et
432 519 585 579 adsiduam
608 519 712 598 pelago
734 538 794 579 non
817 535 962 595 quaerere
986 517 1095 585 Delon,

230 630 282 691 tela
304 630 359 690 tibi
380 628 529 707 longeque
551 628 812 696 leroslentandus
834 631 865 688 in
887 628 987 688 hostes

229 759 312 801 arcus
335 747 365 799 et
387 738 513 800 aetherii
536 737 614 798 dono
637 756 754 800 cessere
775 741 907 816 parentis

230 858 379 911 aeternum
403 850 512 909 llorere
535 866 635 925 genas.
666 854 699 908 tu
722 848 827 907 doctus
848 849 965 924 iniquas
1219 850 1279 908 705

206 960 394 1050 'Parcarum
407 975 570 1036 praenosse
593 975 698 1017 manus
720 957 871 1033 latumque
895 955 972 1032 quod
996 956 1114 1026 ultrast,

229 1076 254 1128 et
277 1086 395 1129 summo
416 1068 562 1146 placitura
585 1066 660 1135 lovi,
685 1068 750 1144 quis
772 1064 872 1125 letifer
894 1083 1002 1135 annus,

228 1177 300 1237 hella
324 1177 431 1256 quibus
453 1175 586 1256 populis,
611 1182 687 1253 quae
710 1182 825 1235 mutent
846 1183 962 1255 sceptra
986 1183 1126 1235 cometae.
1178 1181 1205 1239 st

228 1293 256 1346 tu
277 1285 394 1366 Phryga
417 1287 577 1347 summittis
600 1286 746 1355 citharae,
769 1293 801 1345 tu
823 1287 927 1345 matris
948 1284 1057 1345 honori

227 1397 403 1473 terrigenam
426 1395 535 1474 Tityon
558 1396 666 1475 Stygiis
688 1394 823 1454 extendis
845 1394 974 1454 harenis.
1195 1428 1200 1437 ,
1218 1398 1279 1456 710

228 1512 253 1564 te
274 1505 376 1566 viridis
397 1504 513 1583 Python
535 1504 734 1583 Thebanaque
756 1512 851 1580 mater
874 1511 1009 1564 ovantem

227 1613 339 1675 horruit
359 1617 390 1674 in
412 1615 570 1694 pharetris.
600 1614 691 1675 ultrix
719 1613 773 1674 tibi
816 1621 897 1673 torva
920 1614 1055 1691 Megaera

173 1763 344 1775 *—

170 1885 265 1930 rasiss-
287 1889 459 1931 AVGTORES·
483 1888 684 1929 IMITATORES.

217 1978 257 2026 708
274 1977 309 2027 ef.
322 1978 428 2028 Lucan.
442 1978 456 2028 I
468 1979 517 2028 529
530 1978 612 2026 terris
624 1980 776 2026 mutantem
789 1991 874 2040 regna
888 1979 1012 2025 cometen
1085 1979 1134 2026 710
1148 1977 1183 2029 cf.
1197 1977 1278 2042 Verg.

170 2036 218 2090 len.
232 2045 266 2096 VI
285 2047 336 2095 595
359 2060 419 2108 sqq.
442 2060 494 2094 nee
519 2060 573 2094 non
597 2050 625 2093 et
648 2044 763 2108 Tityon,
787 2045 888 2093 Terrae
912 2043 1108 2106 omniparentis
1130 2043 1278 2106 alumnum,

172 2120 255 2160 camera
272 2118 340 2175 erat,
360 2127 409 2176 per
427 2116 487 2162 tota
505 2128 604 2161 novem
622 2111 667 2160 cui
684 2112 781 2175 iugera
799 2127 898 2175 corpus
917 2111 1066 2175 porrigitur
1150 2113 1198 2161 712
1218 2126 1277 2174 sqq.

171 2173 197 2221 tf.
210 2176 276 2244 Terg.
294 2180 364 2229 Aen'.
383 2181 423 2230 VI
440 2181 489 2229 605
508 2179 641 2228 furiarum
660 2180 778 2227 maxima
796 2179 873 2227 iuxta
892 2178 1010 2228 accubat
1030 2182 1058 2227 et
1075 2179 1202 2228 manibus
1220 2194 1279 2242 pro-

170 2237 224 2292 hibet
239 2248 393 2311 contingere
412 2261 533 2308 mensas3
552 2247 682 2297 Valerius
696 2245 815 2296 Flaccus
828 2247 855 2297 ΙΙ
868 2249 916 2296 192
930 2260 989 2309 sqq.
1007 2245 1110 2294 inferni
1126 2245 1216 2309 qualis
1228 2246 1278 2295 sub
1329 2236 1337 2253 ⁰

170 2314 228 2360 nocte
241 2313 362 2364 barathri
383 2314 503 2364 accubat
526 2316 676 2363 attonitum
697 2314 841 2378 Phlegyan
859 2318 888 2363 et
909 2312 1015 2363 Thesea
1032 2313 1110 2362 iuxta
1128 2311 1278 2377 Tisiphone

170 2388 291 2446 staretque
315 2381 402 2446 dapes
425 2387 453 2430 et
476 2381 576 2446 pocula
598 2380 668 2432 libat

171 2508 343 2525 κ,-

167 2612 240 2661 rann
257 2621 380 2665 nacmo.

216 2737 264 2796 aaa
284 2740 419 2797 annuum
441 2741 496 2796 ra
517 2739 646 2795 arratam
668 2740 703 2796 u
717 2698 732 2819 y
748 2756 862 2814 querere
884 2742 930 2796 ee
1038 2738 1099 2797 704
1121 2712 1211 2830 negor
1229 2741 1257 2796 r
1272 2733 1281 2818 y

167 2846 257 2912 aetheri⁰
277 2857 303 2932 (o
320 2876 413 2930 supra
435 2875 494 2915 scr.
511 2877 598 2916 mauu
620 2856 829 2930 recentissima)
845 2860 873 2913 B
888 2858 984 2913 etherii
997 2849 1042 2936 fl}
1056 2857 1181 2930 parentet
1193 2859 1281 2913 PBM

166 2937 213 2992 edd·
230 2945 341 3015 parentis
364 2945 522 3014 Burthius,
547 2945 710 3013 Bentlcius‚
742 2944 947 2999 Lachmaunus
1057 2942 1116 2998 705
1140 2948 1279 2998 aeternum

166 3016 242 3080 lorere
260 3044 342 3101 genae
366 3028 504 3084 Weberus
526 3036 650 3083 aeternae
673 3019 773 3083 llorere
789 3044 873 3101 genae
894 3028 1106 3083 Lachmanaus.
1131 3029 1182 3083 sed
1195 3044 1278 3100 genas

166 3110 200 3158 ast
218 3116 392 3169 accusativus
419 3128 501 3185 quem
526 3114 625 3170 dicunt
650 3128 802 3188 praecum,
837 3119 865 3167 et
897 3113 965 3167 dicit
992 3112 1101 3167 Statius
1128 3109 1177 3166 tibi
1206 3111 1278 3166 dono

165 3192 228 3247 cessit
248 3204 386 3252 aeternum
402 3189 512 3251 'llorere
541 3213 624 3270 genas
656 3215 712 3270 pro
745 3200 892 3253 enuntiato
923 3198 978 3252 hoc
1011 3195 1059 3251 tihi
1092 3194 1164 3250 dono
1197 3197 1279 3251 cessit

164 3279 263 3336 aeternus
282 3280 333 3336 llos
355 3297 493 3355 genarum,
516 3297 587 3337 sane
609 3285 726 3339 licentia
747 3283 872 3354 quadum
891 3296 945 3336 aec
961 3282 997 3336 ab
1019 3284 1081 3352 ipso
1104 3280 1173 3335 aiibi
1193 3285 1278 3335 usur-

164 3364 323 3424 aaronica
353 3369 458 3421 ceteris
479 3383 606 3438 uuquam
628 3370 724 3437 poetis
752 3367 871 3422 Latinis.
900 3371 1057 3438 practerea
1080 3364 1215 3420 notabilis
1236 3368 1279 3417 est

164 3441 377 3508 uiuanttvaram
400 3457 427 3505 ct
450 3451 600 3505 uerborum
622 3450 805 3523 (telas-arcus,
829 3448 939 3521 llorere)
962 3453 992 3504 in
1015 3451 1114 3505 eadem
1136 3449 1280 3503 enuntiati

162 3534 230 3591 parte
248 3535 414 3604 vicissitudo,
432 3549 507 3606 quae
530 3539 624 3590 tumen
647 3537 794 3607 reperitur
816 3553 841 3591 a.
860 3535 917 3591 701
937 3551 978 3608 sq.
999 3534 1084 3589 Theb.
1101 3532 1123 3586 ll
1138 3531 1197 3587 311
1215 3546 1276 3602 sqq.

164 3603 265 3674 1111475
287 3604 1278 3698 3011169409.1117465011311510007185150.Νηρηὶ)

494 3718 527 3759 elt

164 3762 263 3831 dictura
333 3777 395 3835 706
418 3778 538 3854 uhrah-m
559 3781 586 3836 P
606 3779 677 3835 ultra
698 3781 738 3835 elt
760 3780 821 3836 ΒΜ
840 3780 938 3836 ultrast
960 3781 1067 3849 scripsi
1136 3773 1195 3831 707
1219 3769 1278 3850 quis

164 3845 184 3918 (s
198 3860 270 3934 eras.)
293 3854 337 3939 cll
353 3862 445 3936 letifer
466 3866 494 3919 B
516 3863 624 3920 loetiler
643 3863 665 3936 f
682 3864 786 3920 laetifer
809 3881 825 3919 c
891 3864 950 3921 708
975 3877 1042 3934 quae
1065 3866 1171 3915 mutent
1192 3860 1280 3915 PBM
1299 3886 1310 3905 ·

164 3936 200 4002 qui
216 3954 310 4001 mutent
326 3947 399 4003 Bait.
424 3964 490 4021 quae
513 3956 617 4004 mutant
629 3948 671 4019 fra
687 3957 792 4004 mutent
809 3965 876 4021 quae
892 3949 954 4003 edd.
971 3938 984 4023 l}
999 3952 1110 4016 conettp
1133 3944 1155 4016 (l
1170 3950 1278 4016 comete

163 4033 221 4079 min·
241 4029 256 4085 3
279 4029 369 4102 usar.)
392 4033 420 4087 B
527 4032 586 4090 709
610 4031 689 4106 sryga
703 4034 730 4089 P
749 4033 820 4105 lriga
839 4031 861 4104 f
870 4024 883 4110 [l
899 4030 1011 4085 inmittis
1029 4029 1057 4085 P
1076 4027 1210 4083 submittis
1228 4046 1255 4083 m
1270 4018 1278 4103 ll

163 4105 263 4170 citharae
284 4116 329 4170 Bc
350 4107 363 4193 ΙΙ
384 4116 488 4172 honore
519 4119 623 4187 Taua,
659 4119 720 4173 cod.
758 4119 920 4172 Burmanni
1049 4113 1110 4170 710
1135 4113 1223 4185 tytion
1250 4112 1278 4166 B

163 4233 224 4299 tillon
234 4220 345 4326 ftyithn
367 4243 412 4329 cll
427 4252 534 4308 harenis
546 4251 605 4324 Pfa
627 4252 714 4307 arenis
729 4251 792 4339 ΒΜ
868 4249 925 4305 711
946 4250 1043 4322 pithon
1060 4211 1106 4304 Bc
1127 4248 1223 4321 phiton
1246 4246 1283 4317 rf

213 4379 263 4439 712
284 4386 392 4441 taretril
411 4406 428 4441 r
448 4388 601 4460 pharethril
618 4387 640 4460 f
649 4378 663 4464 ΙΙ
680 4343 771 4459 ξςθη
792 4387 820 4441 P
839 4401 949 4458 megara
970 4385 1031 4456 ch
