2948 4942
567 351 658 394 ΒΤΔΤῙ
680 351 859 393 ΤΗΕΒΔΙΒΟΙ
881 353 902 393 V

132 502 134 506 ⁸
247 503 385 564 Inachiae
407 504 532 580 ingratis
555 520 654 563 coram
676 509 719 563 tot
741 501 863 563 milibus
884 500 976 561 audes

248 621 378 674 mactare
400 615 432 674 in
455 613 600 673 tumulos?
624 610 736 692 (quanti
759 631 815 692 pro
837 613 953 672 lunaris
976 611 1078 691 ullorll

248 727 295 785 aui
319 742 445 802 regnum
467 725 643 804 genitorque
666 723 765 785 Thoas
788 732 818 784 et
839 722 955 783 lucidus
976 722 1080 782 Euhan
1241 725 1311 783 675.

247 837 350 914 stirpis
372 853 453 895 avus.
497 834 641 895 timidone
664 853 784 913 parum,
808 834 886 913 quod
910 833 1050 911 gentibus
1071 834 1145 892 actis

248 946 379 1024 undique
403 947 434 1005 in
458 963 540 1005 arma
562 947 622 1005 tuis
644 946 723 1005 inter
745 944 849 1024 rapida
872 946 990 1031 agmina
1012 962 1116 1022 pacem

249 1057 328 1117 solus
350 1055 461 1116 hahes?
483 1055 668 1134 habeasque,
686 1062 723 1146 ,et
744 1062 774 1117 te
796 1055 920 1144 victoria
942 1028 1065 1114 Graium
1180 1117 1185 1122 ,

248 1169 380 1228 inveniat
401 1167 524 1227 tumulis
546 1169 707 1227 etiamnum
729 1165 802 1226 haec
826 1167 884 1226 lata
907 1163 1095 1242 gementem!

290 1277 426 1348 Dixerat,
450 1285 480 1337 et
501 1277 620 1337 tandem
644 1283 799 1338 cunctante
823 1276 987 1337 modestior
1008 1273 1053 1336 ir'a
1245 1281 1311 1340 680

247 1389 296 1448 1116
319 1389 427 1449 refert:
453 1387 606 1466 ‘equidem
629 1407 689 1448 uon
710 1406 762 1448 vos
784 1388 821 1447 ad
843 1389 961 1447 moenia
983 1387 1101 1448 Thebes

249 1500 337 1560 rebar
359 1506 389 1558 et
410 1498 534 1559 hostiles
556 1499 615 1559 huc
637 1497 791 1559 advenisse
813 1505 956 1558 catervas.

248 1612 365 1689 pergite
388 1611 418 1668 in
442 1608 606 1679 excidium,
629 1611 703 1669 socii
727 1610 751 1669 si
775 1616 855 1669 tanta
878 1609 1012 1688 voluptas

249 1714 417 1798 sanguinis,
441 1718 557 1779 inbuite
580 1739 662 1780 arma
684 1720 779 1791 domi,
803 1727 891 1799 atque
913 1720 986 1780 haec
1009 1722 1099 1780 inrita
1123 1720 1237 1782 dudum

248 1830 357 1910 templa
380 1829 457 1890 lovis
480 1828 562 1909 (quid
584 1834 664 1891 enim
686 1832 758 1891 haut
780 1830 922 1911 licitumil
947 1833 1023 1892 ierat
1046 1832 1155 1910 impius
1178 1835 1277 1910 ignis

164 1968 170 1976 ‘
194 1941 197 1948 '
248 1944 273 2003 si
296 1942 400 2010 vilem,
424 1943 500 2002 tanti
543 1949 716 2020 premerent
738 1960 804 2001 cum
827 1949 948 2020 pectora
970 1942 1081 2012 luctus,
1246 1948 1308 2006 686

247 2055 278 2112 in
301 2051 439 2114 famulam
462 2053 510 2111 ius
532 2070 596 2113 esse
619 2060 702 2113 ratos
724 2052 902 2131 dominoque
925 2052 1063 2132 ducique.

247 2163 299 2224 sed
322 2163 402 2222 videt
423 2163 511 2233 haec,
536 2163 614 2223 videt
636 2164 685 2225 1116
709 2163 797 2224 deum
820 2171 974 2240 regnator,
999 2171 1029 2223 et
1050 2165 1130 2224 ausis

164 2352 292 2394 TESTES.
315 2351 487 2395 Avcuonns.
512 2352 714 2395 IMITATORES.

230 2436 280 2484 689
298 2434 334 2484 cf.
348 2433 488 2483 Iuvenalis
500 2435 569 2484 XIII
582 2436 630 2485 100
647 2440 679 2483 ut
695 2436 732 2486 sit
750 2450 863 2499 magna,
883 2439 976 2485 tamen
995 2441 1071 2485 certe
1089 2436 1164 2486 lenta
1183 2439 1225 2487 ira
1240 2439 1310 2490 deo-

162 2519 220 2553 rum
240 2508 291 2555 est.
328 2501 430 2552 similia
448 2501 609 2567 collegimus
627 2502 661 2551 ad
679 2503 766 2552 Theb.
787 2504 857 2554 1160

161 2675 257 2719 VARIA
279 2673 403 2716 Lucum.

249 2761 309 2819 673
330 2760 444 2835 ingratis
456 2760 543 2817 PBM
561 2763 715 2818 scholiasta
774 2761 813 2835 ‘fi
830 2762 928 2836 gratis'
949 2763 1154 2820 hartmannus
1184 2757 1194 2842 11
1227 2766 1310 2823 milli-

161 2846 213 2902 bui
225 2865 251 2901 m
272 2839 283 2924 11
305 2845 423 2900 aululP
474 2845 597 2923 audetis
680 2845 740 2904 674
755 2840 885 2924 prohcss
902 2841 988 2924 ultor]
1016 2847 1056 2921 ‘fi
1074 2848 1181 2904 auctor'
1207 2850 1309 2907 Lucta-

162 2948 285 2987 mannus
371 2929 431 2986 675
462 2947 529 2986 euan
559 2950 585 2986 m
672 2931 732 2988 676
763 2931 902 2987 tumidone
931 2928 949 2987 d
982 2933 1070 2988 Taur.
1098 2952 1124 2988 m
1154 2935 1215 2989 edd.

248 3016 307 3072 677
329 3006 434 3090 rapida]
459 3015 607 3089 trepidam
635 3017 830 3090 Wakefietdus
851 3018 891 3072 ad
908 3018 1024 3073 Lueret.
1047 3017 1155 3074 111597
1206 3021 1309 3092 pauida

162 3119 255 3174 neta.
342 3116 402 3174 678
425 3091 488 3173 hbes
500 3117 528 3171 B
557 3110 568 3193 11
599 3112 765 3193 habeasque]
789 3135 842 3192 que
863 3136 914 3175 om.
938 3121 1000 3175 edd.
1018 3126 1083 3176 vett.
1106 3125 1134 3175 et
1148 3122 1308 3179 tollendum

162 3206 261 3260 statuit
290 3202 495 3258 hartmannus
580 3201 642 3260 680
670 3204 706 3258 ita
727 3198 765 3257 B¹
855 3203 984 3261 6811116
1005 3221 1039 3275 [e
1060 3204 1145 3260 relert
1165 3224 1182 3259 r
1212 3199 1224 3283 11
1256 3202 1306 3282 ad]

163 3283 223 3343 iud
253 3279 264 3363 11
294 3288 380 3343 menia
393 3288 415 3359 f
440 3281 450 3365 11
483 3285 609 3342 thebaer
666 3286 761 3343 thebei
773 3306 850 3345 corr.
869 3305 909 3345 ex
923 3287 1056 3354 thebata
1134 3289 1194 3345 682
1217 3285 1262 3367 et]
1279 3302 1308 3347 at

163 3373 306 3429 substituit
326 3373 468 3429 Barthius
489 3379 516 3428 et
537 3373 692 3428 Duhnerus
712 3376 761 3445 qui
779 3377 817 3429 ita
838 3377 1067 3445 interpretatur.-
1095 3375 1224 3447 equidem
1247 3395 1307 3433 non

162 3459 252 3514 rebar
268 3474 317 3514 aas
337 3464 440 3513 contra
459 3458 609 3513 Thebanos
624 3455 702 3529 (ire),
726 3459 778 3514 sed
799 3456 907 3530 (rebar)
929 3459 1035 3530 infesto
1056 3463 1167 3532 apmine
1182 3461 1241 3517 huc
1259 3480 1305 3518 ue-

162 3547 248 3600 nisse.
284 3549 315 3598 at
340 3544 438 3599 eadem
464 3546 605 3598 sententia
631 3545 695 3597 erui
716 3550 822 3614 potest,
857 3547 968 3600 etiamsi
990 3547 1062 3600 illud
1087 3551 1114 3599 et
1137 3550 1304 3604 retinemus.

162 3644 381 3700 saepenumero
397 3631 470 3684 enim
486 3634 513 3682 et
527 3628 613 3683 hahet
628 3630 681 3683 vim
697 3629 915 3700 adversativam,
933 3646 998 3686 cum
1010 3631 1162 3701 praecedit
1177 3636 1302 3705 nepetia.

163 3713 203 3785 ef.
224 3711 414 3773 Paenitet
433 3713 466 3767 IX
484 3712 542 3767 111
568 3711 676 3768 111189
698 3711 818 3770 1111232
840 3713 860 3767 ll
878 3715 955 3785 161,
978 3730 1060 3787 quem
1080 3718 1175 3772 locum
1196 3718 1305 3789 depra-

162 3801 284 3855 vationis
300 3801 462 3869 suspicione
476 3801 608 3853 inmerito
622 3801 790 3862 notavimus.
808 3791 819 3875 11
836 3797 990 3884 aduentalie
1005 3800 1134 3856 cohortes
1147 3796 1307 3858 unusBeta

249 3916 309 3974 683
331 3888 452 3973 excidibm
475 3917 503 3972 B
524 3909 534 3994 11
559 3920 599 3972 ita
621 3919 756 3987 distinxi,
779 3924 811 3973 ut
830 3922 977 3990 penetions
997 3920 1063 3974 socii
1078 3921 1217 3992 sanguinis
1231 3937 1303 3992 pen-

162 4005 230 4059 deat
251 4018 291 4058 ee
306 4003 481 4059 substantivo
497 4001 621 4075 voluptas
642 4001 692 4073 (cf.
709 4002 793 4058 Theb.
806 4001 899 4057 71122
916 4000 1037 4074 xanta
1059 4011 1126 4059 aute
1146 4007 1304 4078 iunpebant

163 4085 294 4143 excidium
316 4088 382 4143 socii
403 4087 550 4161 sanguinis.
575 4079 585 4164 11
608 4087 734 4142 uoluntas
753 4103 829 4143 unus
844 4087 917 4143 Bet.
1004 4087 1065 4145 684
1087 4087 1199 4144 imbuite
1215 4090 1279 4145 ΒΜ
1295 4082 1305 4167 11

163 4189 228 4244 haec
242 4189 317 4244 irrita
333 4188 391 4244 PM
432 4184 527 4243 hirrita
542 4207 559 4242 r
602 4188 667 4244 haec
683 4208 735 4245 om.
752 4184 795 4243 nd
882 4187 941 4247 685
958 4190 1080 4245 hautPc
1123 4164 1170 4247 lut
1185 4189 1207 4263 (t
1223 4208 1301 4249 corr.

162 4277 191 4330 in
207 4273 223 4328 d
240 4273 258 4331 3
274 4271 363 4344 man.)
384 4274 411 4328 B
469 4272 538 4329 haud
560 4274 592 4328 M
612 4267 623 4351 11
645 4267 761 4349 licitum]
783 4274 885 4330 luctum
901 4267 932 4329 d¹
1019 4275 1079 4333 686
1100 4287 1259 4348 premerent
1278 4278 1305 4332 P

249 4358 309 4415 688
325 4352 404 4434 haec]
421 4358 473 4414 hoc
487 4377 514 4414 m
