2948 4942
537 1348 932 1497 PRAEFATIO.

251 1756 310 1838 De
338 1773 516 1838 Thebaidos
549 1775 641 1857 atque
668 1772 865 1863 Achilleidos
884 1773 1127 1874 ,propagatione
1156 1772 1229 1837 inde
1262 1775 1301 1838 ab
1408 1815 1417 1823 -

163 1894 268 1977 ipsius
280 1894 392 1976 poetae
406 1892 601 1976 temporibus
616 1914 673 1976 per
689 1892 813 1956 scholas
828 1891 964 1956 labentis
980 1892 1178 1975 antiquitatis
1193 1892 1302 1957 medii-

164 2034 228 2096 que
252 2011 321 2075 aevi
344 2012 541 2090 continuata,
565 2011 603 2075 de
628 2012 772 2076 codicum
794 2012 917 2097 origine
939 2013 1041 2075 aetate
1063 1997 1234 2096 dignitate,
1263 2012 1301 2076 de

163 2130 316 2213 historia,
351 2133 387 2194 ut
414 2130 458 2194 ita
485 2130 605 2214 dicam,
634 2129 904 2214 interpolationis,
939 2151 1033 2214 quarn
1062 2130 1201 2214 carmina
1228 2133 1302 2195 sunt

163 2271 333 2334 perpessa,
363 2249 401 2314 de
423 2249 570 2313 omnibus
596 2248 647 2312 his
668 2249 762 2314 rebus
784 2271 926 2314 scorsum
953 2270 1047 2332 quarn
1068 2249 1301 2314 accuratissime

164 2372 281 2453 potero
304 2389 341 2433 eo
363 2368 444 2432 libro
467 2368 620 2433 disserere
645 2369 811 2452 constitui,
834 2369 885 2433 cui
898 2369 1016 2433 Janum
1031 2367 1303 2452 Vertumnumque

164 2487 310 2580 nondum
332 2488 489 2571 spectanti
510 2509 627 2552 nomen
649 2510 716 2552 non
737 2490 802 2552 tam
824 2487 864 2552 ad
892 2487 1040 2552 editionis
1061 2490 1186 2571 tempus
1209 2509 1303 2570 quam

165 2606 208 2671 ad
231 2605 387 2671 editorum
402 2605 663 2671 consuetudinem
682 2607 874 2672 conveniens
888 2605 1120 2691 Prolegomena
1140 2606 1303 2695 imponere
1323 2598 1325 2603 ’

164 2726 298 2810 placuit.
348 2725 454 2809 itaque
486 2727 623 2809 primum
655 2725 716 2790 hoo
747 2725 899 2810 tripertiti
932 2726 1036 2808 operis
1070 2726 1218 2790 volumen
1250 2726 1303 2809 qui

165 2844 355 2948 cognitione
376 2846 449 2908 ante
478 2828 707 2929 dignabuntur,
736 2867 829 2928 quarn
857 2843 936 2908 illud
957 2845 991 2908 in
1013 2844 1160 2908 manibus
1187 2844 1304 2908 habere

166 2963 349 3048 potuerint,
377 2964 409 3026 et
429 2964 557 3047 gratum
584 2963 629 3028 eis
658 2966 689 3027 et
716 2963 791 3027 satis
818 2964 958 3028 facturus
985 2985 1054 3028 esse
1080 2963 1159 3027 mihi
1186 2963 1303 3046 videor,

166 3083 195 3146 si
210 3081 314 3162 nudae
328 3080 547 3164 breviataeque
561 3081 686 3146 tabulae
701 3082 772 3171 loco
779 3132 788 3165 ,
812 3105 874 3166 qua
893 3082 975 3167 sigla
990 3082 1195 3166 oodioumque
1209 3084 1304 3146 notae
1436 3152 1437 3156 ,

166 3201 274 3264 solent
296 3199 426 3283 exponi,
454 3200 563 3283 paucis
586 3200 808 3265 demonstrabo
831 3201 881 3266 vel
902 3202 1008 3286 potius
1034 3200 1196 3283 indicabo,
1224 3222 1304 3284 quae

166 3318 286 3383 auxiHa
301 3318 413 3401 quibus
428 3319 604 3384 rationibus
616 3342 738 3404 quaque
753 3320 824 3405 lege
840 3320 1078 3385 constituendae
1092 3320 1166 3385 huic
1178 3318 1304 3403 quidem

167 3437 350 3502 Thebaidos
364 3438 542 3502 recensioni
562 3438 627 3502 sint
641 3438 792 3503 adhibita.
828 3461 929 3523 neque
945 3439 1030 3504 enirn
1045 3439 1085 3502 ab
1106 3439 1176 3503 aliis
1192 3438 1303 3522 adhuc,
1435 3500 1438 3504 ,

168 3557 361 3641 quicumque
383 3556 423 3620 ad
450 3556 582 3620 eandem
607 3579 675 3622 rem
697 3560 771 3622 sunt
797 3558 953 3644 adgressi,
982 3580 1083 3642 neque
1106 3580 1124 3622 a
1145 3578 1196 3621 me
1224 3557 1304 3641 ipso,

166 3698 241 3741 cunr
263 3697 377 3739 novem
400 3674 516 3739 abhinc
538 3676 629 3740 annis
653 3676 757 3740 subita
779 3677 945 3742 occasione
968 3676 1074 3741 oblata
1097 3676 1304 3752 Quaestiones

165 3794 329 3861 Statianas
350 3795 563 3880 promulgavi,
591 3795 643 3858 via
669 3795 791 3859 munita
813 3796 863 3860 vel
890 3798 1067 3860 monstrata
1089 3799 1138 3860 est
1164 3817 1215 3879 ea,
1244 3818 1305 3879 qua

166 3917 256 3980 certo
271 3912 352 3997 pede
366 3913 563 3997 procedatur.
600 3914 679 4000 illud
695 3916 800 3978 autem
815 3915 879 3979 iam
893 3917 962 3979 tum
977 3918 1061 3979 recte
1076 3915 1304 3999 intellexeram,

164 4037 270 4099 totam
293 4033 397 4097 variae
419 4033 565 4097 lectionis
584 4033 791 4120 farraginem,
816 4056 894 4118 quae
917 4035 1059 4120 dispersa
1073 4035 1229 4120 reperitur
1249 4057 1306 4119 per

165 4153 269 4218 libros
280 4152 415 4236 scriptos
426 4156 458 4217 et
472 4152 656 4237 impressos,
673 4175 690 4217 e
705 4153 805 4237 stirpe
813 4155 999 4237 provenisse
1015 4155 1147 4239 duplioi3
1163 4153 1305 4218 nondum

166 4275 278 4337 tamen
301 4291 523 4358 perspexeram
546 4272 618 4357 (nec
639 4272 729 4357 potui
744 4293 855 4359 expers
870 4274 939 4340 tum
961 4273 1190 4358 praesidiorum
1211 4271 1305 4341 hodic
