2948 4942
497 354 506 403 l
651 382 742 422 srerr
764 380 940 422 runsxrnos
964 382 995 423 vr

336 535 461 592 incisum
483 535 625 605 exequiis.
670 533 744 604 qnid
763 549 794 591 se
813 531 939 604 funeste
957 535 1083 607 parenti

338 646 440 702 miscet
461 649 490 701 et
512 645 543 701 in
565 644 674 701 nostris
695 649 850 716 spectatur
872 649 901 701 et
923 644 990 718 ipse
1012 639 1145 720 ruiniss]

338 750 404 830 [cni
423 755 505 835 lueet
526 755 682 826 complexa
704 748 810 811 snoss’
848 755 892 811 sic
910 752 984 825 futu
1006 759 1127 826 repente

335 862 480 936 concidit,
499 862 696 938 *abruptisque
718 863 863 922 obmutuit
883 878 936 921 ore
957 857 1123 941 querellis]

337 990 396 1030 non
419 990 562 1032 secusne
585 972 681 1050 primo
704 970 870 1031 fraudatum
893 970 969 1031 lacte
991 972 1162 1042 iuvencum,

336 1085 383 1142 eui
406 1081 538 1161 trepidae
562 1083 637 1140 vires
660 1089 689 1140 et
710 1080 789 1141 solns
811 1082 847 1142 ab
872 1080 964 1141 ubere
987 1085 1120 1160 sanguis,

336 1211 389 1252 seu
412 1193 473 1252 sera
496 1210 548 1251 seu
571 1191 661 1251 duras
683 1192 779 1250 avexit
800 1199 900 1270 pastor
923 1191 958 1252 ad
981 1210 1061 1261 aras;

336 1320 416 1363 nunc
438 1302 541 1362 vallem
564 1301 686 1379 spoliata
709 1319 831 1380 parens,
854 1320 933 1361 nnnc
955 1301 1075 1362 flumina
1099 1311 1219 1379 questu,
1308 1316 1315 1322 ·

337 1432 415 1473 nrrnc
438 1420 569 1473 armenta
593 1419 691 1472 movet
712 1429 877 1491 vacuosque
899 1415 1062 1492 interrogat
1083 1431 1187 1491 agros;
1335 1421 1399 1478 190

342 1533 411 1583 tuuc
433 1525 514 1600 piget
535 1524 579 1582 ire
602 1521 737 1590 domum,
762 1530 932 1600 maestoque
955 1525 1112 1583 novissima
1135 1541 1240 1602 campo

341 1637 402 1694 exit
424 1643 453 1693 et
475 1634 626 1712 oppositas
648 1633 761 1710 inpasta
785 1635 926 1693 avertitur
950 1632 1064 1694 herbas.

380 1745 416 1803 At
438 1745 554 1820 genitor
576 1745 744 1822 sceptrique
769 1741 859 1803 decus
882 1742 1037 1823 cultusque
1059 1743 1200 1804 Tonantis

336 1855 421 1913 inicit
442 1854 506 1931 ipse
527 1856 622 1931 rogis,
647 1861 787 1932 tergoque
810 1863 840 1912 et
862 1862 983 1932 pectore
1006 1854 1117 1915 lusam

256 1999 350 2006 ..-—-—-
353 1999 357 2003 .
360 1996 456 2003 -.-m-⁴·-

252 2113 377 2154 TESTES·
400 2111 571 2153 AVCTORES.
596 2110 795 2151 IMITATORES.

319 2210 368 2259 185
387 2209 423 2262 cf.
444 2209 527 2273 Verg.
546 2210 612 2257 Aen.
632 2209 670 2257 Vt
690 2210 738 2257 155
757 2208 825 2257 dixit
845 2224 993 2273 pressoque
1013 2209 1147 2258 obmutuit
1166 2226 1226 2271 ore;
1247 2209 1397 2262 claudian.
1419 2238 1426 2244 ·

250 2276 364 2342 epithal.
384 2275 453 2328 Pall.
475 2282 502 2325 et
520 2275 607 2325 Celer.
628 2291 652 2325 v.
674 2278 721 2325 108
740 2278 842 2340 ereptis
861 2277 997 2326 obmutuit
1016 2277 1088 2327 unda
1106 2278 1237 2341 querellis
1308 2281 1399 2330 186-

251 2349 298 2396 192
311 2346 346 2394 cf.
360 2345 472 2394 Lucreti
484 2344 511 2392 ΙΙ
529 2346 578 2393 359
592 2358 650 2407 sqq.
671 2360 733 2392 nam
752 2359 835 2408 saepe
854 2351 920 2393 ante
940 2345 1020 2395 deum
1038 2346 1140 2396 vitulus
1159 2345 1275 2396 delubra
1295 2347 1399 2398 decora

250 2414 412 2463 turicremas
425 2419 535 2476 propter
548 2417 686 2460 mactatus
700 2412 822 2461 concidit
834 2428 907 2474 aras,
928 2414 1073 2477 sanguinis
1086 2415 1214 2478 expirans
1227 2414 1349 2464 calidum
1363 2417 1397 2466 de

251 2488 362 2546 pectore
386 2481 498 2529 flumen:
523 2487 553 2528 at
577 2484 665 2528 mater
686 2480 783 2528 viridis
808 2480 894 2530 saltus
919 2481 1016 2530 orbata
1040 2488 1193 2546 peragrans
1211 2484 1301 2533 noscit
1321 2484 1399 2534 humi

252 2549 367 2614 pedibus
385 2549 505 2612 vestigia
525 2561 620 2612 pressa
639 2546 763 2609 bisulcis,
785 2549 875 2597 omnia
893 2550 1038 2598 convisens
1057 2549 1148 2599 oeulis
1166 2549 1241 2611 loca,
1268 2552 1292 2600 si
1312 2557 1399 2615 queat

250 2633 365 2682 usquam
389 2616 547 2679 conspicere
576 2615 702 2664 amissum
728 2615 827 2681 fetum,
856 2616 1028 2680 completque
1057 2616 1187 2681 querellis
1215 2618 1399 2669 frondiferum

252 2699 347 2734 nemus
359 2683 515 2744 adsidueis,
536 2689 564 2732 et
577 2683 672 2732 crebra
686 2684 782 2732 revisit
796 2684 830 2733 ad
844 2685 989 2746 stabulum,
1011 2685 1148 2734 desiderio
1160 2684 1264 2750 perfixa
1277 2687 1399 2750 iuvenci,

250 2769 300 2802 nec
319 2759 431 2802 tenerae
451 2750 552 2800 salices
575 2756 657 2813 atque
682 2752 783 2801 herbae
808 2768 867 2801 rore
891 2753 1018 2816 vigentes
1041 2753 1204 2816 fluminaque
1224 2753 1273 2803 illa
1293 2760 1399 2819 queunt

252 2812 362 2870 slrmmis
382 2820 506 2869 labentia
525 2820 592 2883 ripis
605 2820 744 2869 oblectare
759 2822 878 2869 animum
892 2821 1057 2885 solitamque
1077 2829 1203 2870 avertere
1222 2837 1325 2886 euram,
1344 2839 1398 2874 nec

251 2889 398 2939 vitulorum
418 2887 490 2936 aliae
510 2889 618 2951 species
638 2902 686 2951 per
709 2887 810 2951 pabula
836 2889 912 2938 laeta
931 2888 1056 2938 derivare
1079 2895 1183 2952 queunt
1207 2890 1326 2939 animum
1352 2908 1398 2941 cu-

253 2972 337 3021 raque
356 2957 449 3006 levare

251 3198 347 3241 VARIA
369 3194 493 3238 annlo.

192 3341 193 3345 ,
251 3291 406 3355 oraverat,
428 3291 459 3339 nt
480 3285 661 3357 Hypsipylen
680 3287 769 3354 paeri
787 3286 880 3340 cineri
896 3287 1051 3342 redderent
1071 3293 1098 3341 et
1119 3289 1262 3357 seipsam
1284 3304 1400 3361 quoqne

253 3373 374 3428 eundem
401 3373 431 3424 in
455 3371 546 3441 iqnenn
572 3372 742 3439 inpellerent
845 3369 902 3424 182
926 3386 968 3441 sq.
990 3369 1102 3426 luuitam
1124 3372 1259 3445 exsequiis.
1283 3365 1347 3444 quia
1374 3375 1401 3429 se

254 3457 345 3511 secisse
361 3455 467 3528 parenti
482 3455 509 3508 P
523 3446 534 3530 ΙΙ
552 3453 615 3526 quid
632 3447 675 3529 se]
699 3471 767 3526 qnae
782 3455 808 3509 se
824 3471 899 3511 rinus
914 3454 987 3510 Beir.
1004 3448 1016 3532 Ι)
1033 3457 1119 3512 verba
1140 3472 1169 3510 se
1185 3456 1289 3529 parenti
1304 3458 1403 3513 miscet

254 3558 317 3596 enrn
339 3546 486 3611 nequeunt
507 3540 616 3595 hebere
637 3555 765 3610 sensnm,
789 3556 871 3611 quem
887 3542 973 3595 colrrit
987 3542 1179 3612 interpolator
1264 3559 1307 3596 uc.
1328 3542 1400 3599 184.

255 3624 314 3681 185
340 3642 398 3681 non
421 3625 536 3680 centon
558 3625 584 3677 P
605 3616 616 3701 Ι)
639 3623 686 3678 (lui
707 3641 784 3680 corr.
807 3629 836 3679 in
858 3624 916 3698 Οὓς
936 3618 984 3679 Β3
1000 3618 1010 3702 ΙΙ
1028 3626 1155 3698 conplexa
1176 3643 1274 3698 merqo
1290 3625 1318 3679 Β
1335 3619 1347 3704 Ι)
1364 3629 1400 3683 sic

256 3711 311 3765 sate
327 3728 354 3765 rn
369 3701 414 3781 (re²
430 3712 506 3764 ulter
521 3709 593 3764 Bet.
611 3727 686 3764 rnen.
704 3708 733 3780 2)
777 3710 812 3764 ait
828 3717 908 3782 etque
923 3718 1035 3782 repente
1052 3705 1068 3762 d
1111 3709 1229 3782 dixitque
1246 3711 1296 3780 (ex
1315 3712 1400 3786 Verq.

251 3798 324 3851 Aen.
343 3794 373 3848 Vl
391 3792 461 3864 155)
483 3812 583 3867 mnrqo
600 3794 675 3849 BM-
747 3794 805 3850 185
831 3793 967 3851 obmutuit
986 3798 1179 3865 interpolator
1201 3793 1309 3872 (marqo
1326 3796 1399 3868 BM)

250 3898 289 3937 ece
312 3880 394 3952 Verq.
412 3880 482 3934 Aen.
501 3879 532 3933 Vl
549 3878 608 3935 155
659 3880 788 3934 inmutuit
803 3879 900 3950 (nendi
917 3879 1003 3935 Theb.
1022 3880 1041 3933 V
1057 3878 1129 3951 542)
1146 3884 1208 3952 ipre
1225 3880 1350 3951 Sintica,
1375 3887 1402 3938 si

250 3972 330 4021 recte
347 3966 464 4021 tradidit
480 3980 592 4039 versum
608 3981 699 4033 snpra
723 3960 885 4021 restitutum
898 3971 964 4035 post
979 3984 1003 4022 o.
1022 3965 1081 4022 176
1098 3958 1149 4042 ΡΙ)
1165 3964 1284 4037 querelis
1296 3983 1399 4040 marqo

251 4051 313 4106 ΒΜ
354 4049 498 4122 quaerettit
515 4049 582 4104 Pin
602 4053 725 4122 pennino
748 4051 795 4106 illo
812 4049 898 4105 Statii
918 4066 1003 4106 neren
1091 4049 1150 4106 188
1172 4045 1313 4104 aduexitrl

252 4135 311 4192 189
329 4133 413 4189 ualles
427 4150 502 4190 nnus
517 4136 588 4190 Bet.
605 4125 618 4213 ll
634 4135 745 4206 quaestu
761 4135 789 4189 Β
876 4134 937 4191 190
960 4129 1092 4210 armenta]
1109 4133 1218 4189 arbusta
1241 4135 1397 4208 Wakefiel-

250 4223 304 4276 dus
319 4222 358 4275 ed
372 4219 459 4275 anr.
480 4218 499 4273 ll
516 4219 574 4276 361
665 4219 722 4274 191
746 4219 822 4274 Nunc
843 4220 913 4275 Per.
931 4219 1012 4276 8053
1036 4211 1046 4295 Ι)
1069 4221 1124 4277 irie
1141 4220 1167 4273 B
1189 4212 1200 4296 Ι)
1223 4220 1337 4294 meltoq.
1357 4212 1405 4294 Bf

336 4303 394 4360 192
411 4303 548 4378 obpositus
561 4323 578 4359 r
621 4304 756 4378 appositas
768 4324 794 4359 m
810 4297 821 4381 ss
838 4304 947 4377 impasta
963 4322 1001 4359 m·
1076 4304 1136 4360 193
1154 4304 1316 4378 sceptroque
1335 4301 1373 4360 B¹
1391 4304 1400 4383 ql

249 4390 374 4447 sonantes
387 4381 536 4446 dn²ecen
555 4390 593 4445 tr
682 4382 1044 4465 194lniicitnellrogo'sri
1392 4380 1394 4384 ’
