2948 4942
485 306 492 319 ’
566 331 657 371 srnm
680 330 856 370 rnnonroos
880 333 891 369 1

246 479 410 539 continuat:
437 478 555 538 ‘maesti
578 479 698 556 cupiens
721 475 829 538 solacia
852 494 937 538 easus

246 588 452 647 monstriferae
475 586 630 664 Calydonis
653 581 729 665 opes
746 586 944 663 Acheloiaque
967 606 1035 647 arva

247 695 380 763 deserui;
406 696 508 781 vestris
530 696 604 756 haee
627 714 674 755 me
697 714 766 757 eece
788 696 818 755 in
843 696 950 755 sinibus
973 697 1078 773 ingens

142 801 147 810 '
246 824 304 865 nox
329 807 431 884 operit.
464 813 541 865 tecto
564 805 677 865 eaelum
700 805 860 884 probibere
884 807 949 882 quis
972 808 1027 865 iste

246 915 358 975 arcuit?
382 933 418 974 an
442 916 579 990 quoniam
603 915 685 993 prior
707 914 780 974 baec
803 914 840 974 ad
863 916 961 974 limina
986 915 1060 974 sorte

246 1023 366 1083 molitus
389 1024 525 1101 gressus?
548 1026 659 1102 pariter
682 1023 830 1085 stabulare
854 1023 1035 1084 bimembres
1127 1055 1130 1058 ⁴

247 1133 408 1193 Centauros
431 1151 546 1212 unaque
569 1134 668 1193 serunt
691 1134 833 1212 Cyclopas
855 1135 884 1192 in
907 1135 1001 1193 Aetna

247 1245 433 1322 compositos.
465 1249 533 1302 sunt
556 1251 584 1302 et
606 1242 720 1303 rabidis
743 1244 807 1303 iura
829 1244 916 1303 insita
939 1242 1078 1307 monstris

246 1353 350 1428 sasque
372 1370 472 1421 snum,
496 1352 581 1412 nobis
604 1353 717 1412 sociare
740 1350 846 1412 cubilia
869 1361 975 1413 terrae.

245 1462 297 1521 sed
322 1461 391 1538 quid
416 1462 488 1538 ego'?
511 1468 561 1521 aut
582 1461 671 1520 bodie
693 1460 795 1541 spoliis
817 1463 933 1538 gavisus
957 1461 1065 1531 abibis,

247 1571 379 1648 quisquis
402 1589 450 1640 es,
473 1570 534 1639 his,
558 1579 608 1632 aut
631 1590 693 1639 me,
718 1572 742 1630 si
765 1590 824 1647 non
848 1572 950 1631 eisetus
973 1572 1078 1631 oborto

246 1681 365 1757 sanguis
387 1678 477 1739 behet
498 1678 595 1748 luctu,
619 1682 717 1757 magni
740 1679 776 1739 de
799 1683 891 1760 stirpe
914 1689 1047 1742 creatum

246 1789 362 1850 Oeneos
385 1796 415 1849 et
436 1789 522 1849 blarti
545 1806 603 1848 non
626 1790 811 1867 degenerare
832 1800 959 1870 paterno

219 1936 221 1942 ι
246 1896 391 1978 accipies'
414 1933 455 1944 -—
479 1901 548 1959 ‘nec
570 1917 624 1959 nos
647 1900 737 1959 animi
759 1918 815 1959 nec
837 1901 937 1979 stirpis
960 1909 1083 1978 egentes
1105 1897 1155 1944 -’
1239 1904 1303 1962 465

247 2008 296 2068 6616
318 2008 411 2104 refert
434 2018 554 2079 eontra,
578 2009 631 2069 sed
655 2028 739 2069 mens
762 2009 819 2068 sibi
842 2011 958 2071 conseia
983 2011 1034 2070 sati

248 2127 402 2178 cunctatur
423 2119 559 2197 prolerre
581 2127 704 2197 patrem.
736 2129 806 2180 tunc
827 2120 906 2180 mitis
927 2119 1084 2180 Adrastus:

249 2229 353 2287 ‘immo
377 2229 465 2305 agite,
490 2235 519 2288 et
539 2229 657 2306 positis,
681 2246 754 2305 quas
775 2222 834 2288 nos
856 2230 1036 2308 inopinaque
1060 2232 1155 2291 suasit

163 2433 288 2474 TESTES·
312 2432 483 2474 Avc'ronns.
507 2432 708 2475 IMI'I'ATORES.

232 2514 281 2562 461
302 2512 338 2563 cs.
357 2515 440 2576 Verg.
458 2514 527 2561 Aen.
547 2513 572 2560 X
590 2514 639 2564 862
663 2520 711 2562 aut
733 2513 813 2564 hodie
836 2516 925 2564 vietor
943 2515 1034 2579 spolia
1051 2514 1102 2564 illa
1119 2521 1234 2565 eruente
1254 2551 1305 2566 ...

163 2580 269 2629 reseres
337 2581 386 2628 462
403 2595 441 2642 sq.
457 2581 492 2628 es.
506 2583 589 2644 Verg.
607 2584 675 2630 Aen.
688 2583 713 2631 V
724 2584 774 2632 396
793 2584 906 2646 sanguis
924 2583 1008 2631 hebet
1026 2583 1183 2648 frigentque
1202 2583 1306 2633 effetae

163 2649 192 2695 in
211 2663 323 2711 corpore
342 2649 413 2696 vires
515 2649 565 2697 464
578 2663 617 2712 sq.
637 2649 736 2697 ‘Marti
755 2687 760 2698 .
776 2686 801 2698 ..
822 2648 956 2714 aspicies’
976 2650 1063 2699 schol.
1079 2651 1165 2700 Theb.
1182 2651 1238 2700 1111
1256 2653 1305 2700 111

163 2715 236 2780 apud
253 2714 490 2776 Lindenbrogium‚
511 2730 562 2764 om.
582 2715 668 2766 schol.
687 2718 783 2766 Bamb.

163 2887 259 2928 VARIA
281 2886 405 2928 LECTIO.

226 2971 287 3028 452
317 2972 392 3026 mesti
411 2971 445 3043 fe
466 2963 479 3050 ll
498 2969 594 3028 solacia
615 2976 686 3031 PBe
714 2974 806 3030 solatia
828 2975 860 3030 M
878 2965 891 3053 ll
912 2979 1172 3047 interpunctionem
1195 2981 1308 3034 mutavi

163 3061 217 3125 ito,
250 3063 280 3110 ut
305 3058 393 3128 Tydei
414 3061 514 3127 orntio,
544 3075 619 3130 ptine
647 3063 676 3114 in
703 3061 764 3114 edd.
794 3079 811 3114 u
835 3075 919 3115 uersu
941 3058 1003 3116 453
1026 3065 1137 3130 incipit,
1167 3065 1261 3116 stetim
1285 3081 1305 3116 a

164 3143 248 3197 serbo
272 3142 366 3194 maesti
388 3145 496 3196 ini'tium
512 3151 605 3198 6666666
668 3142 729 3199 453
753 3143 883 3198 calidonii
897 3144 957 3216 Bfe
1024 3143 1215 3199 4541666666
1238 3145 1306 3200 haec
1331 3149 1343 3176 ⁸

163 3242 205 3278 mo
222 3226 345 3279 uestris
339 3241 365 3278 m
384 3223 506 3279 66661666Ι
499 3229 596 3300 ingens
613 3229 705 3283 codex
721 3229 885 3283 Burmanni
900 3220 913 3304 ll
927 3221 1006 3302 baec]
1025 3229 1101 3298 hiep
1116 3229 1156 3283 set
1170 3244 1192 3281 n
1208 3230 1304 3295 eceetjr

163 3311 190 3363 in
213 3308 310 3364 linibus
328 3300 492 3385 pllurgens
481 3306 530 3364 sd
599 3311 659 3368 456
683 3312 776 3366 Arcuit
765 3305 859 3384 te¹f²
881 3313 979 3383 Arguit
1001 3304 1175 3389 PBMllan]
1200 3292 1305 3390 autnll

164 3387 303 3467 quonism]
321 3395 375 3466 quo
389 3395 410 3464 f
420 3387 433 3472 Η
448 3395 548 3448 lumina
570 3394 598 3466 (u
621 3413 697 3452 eorr
722 3400 750 3451 iu
773 3395 825 3468 ils
896 3395 956 3450 457
977 3395 1086 3450 Molitus
1098 3391 1153 3451 Pe¹
1170 3397 1304 3452 Bernar-

162 3532 226 3597 tius,
250 3530 455 3584 Lachmunnus
475 3529 583 3584 llolitur
603 3530 667 3585 BM
755 3529 816 3587 458
840 3505 994 3585 Gentibus
987 3547 1091 3603 imaque
1112 3523 1160 3608 fll
1176 3530 1309 3604 Cyclopes

164 3615 225 3668 edd.
258 3621 321 3669 vett.
348 3607 361 3690 ll
381 3613 504 3668 ethnae
610 3613 671 3669 459
700 3614 799 3687 rapidis
820 3631 883 3690 puy
905 3616 988 3683 Beb.
1020 3616 1092 3683 Pet,
1123 3615 1312 3688 Anptieenus

164 3699 278 3752 Heinsii
344 3697 543 3755 subcorrexi
563 3702 827 3768 interpunctionem
845 3717 902 3770 qun
923 3702 1111 3770 pessumdant
1133 3704 1306 3756 sententiam

165 3782 283 3835 66666666
255 3788 298 3835 tu:
321 3781 415 3855 sasque
431 3783 523 3837 suum:
540 3781 617 3836 nobis
633 3783 736 3836 sociare
752 3782 847 3837 cubilia
863 3784 969 3837 terrae?
1040 3782 1099 3840 461
1118 3791 1163 3838 aut
1179 3782 1266 3855 (mon.
1286 3785 1304 3839 2

165 3882 241 3919 eorr.
266 3868 294 3919 in
317 3866 397 3938 baud)
422 3868 449 3921 B
544 3864 604 3921 462
629 3865 753 3937 Quisquis
772 3868 795 3920 is
815 3868 844 3921 es
861 3885 881 3936 p
906 3868 964 3923 ‘ex
986 3874 1038 3923 oet.
1064 3868 1140 3923 eod'
1165 3870 1306 3924 Heinsius

62 3942 65 3947 ⁷
164 3951 203 4004 ud
220 3949 295 4004 Ouid.
316 3951 399 4005 Trist.
416 3950 437 4004 ll
452 3949 513 4011 112,
529 3949 569 4006 56
585 3941 598 4027 Η
614 3958 659 4004 66666
675 3951 694 4005 66
710 3968 751 4005 me
766 3968 822 4006 non
837 3967 859 4004 n
874 3944 887 4028 ll
903 3951 1013 4006 elseetns
1026 3947 1044 4005 d
1058 3943 1072 4030 ll
1089 3950 1187 4007 oborto
1203 3953 1256 4007 Pm
1272 3952 1304 4006 ab
1354 4022 1359 4030 ·

164 4093 226 4138 orto
243 4086 289 4155 Bp
305 4083 400 4141 aborto
416 4087 451 4141 M
463 4086 489 4140 ni
505 4083 570 4157 (rron
586 4084 680 4140 eisetus
697 4085 727 4140 ab
745 4084 816 4158 ortu)
832 4088 942 4159 sanguis
959 4087 1099 4142 Boethius
1118 4136 1121 4140 .
1164 4086 1226 4144 463
1243 4044 1304 4142 biset

166 4173 260 4238 (prior
282 4185 296 4222 e
317 4174 346 4224 in
367 4172 441 4235 rus.)
459 4172 486 4225 B
506 4169 617 4224 habete
685 4169 746 4227 465
769 4171 883 4244 egentes
894 4172 920 4224 P
941 4172 1054 4244 egemus
1073 4171 1135 4225 ΒΜ
1154 4175 1216 4228 edd.

164 4253 225 4309 466
249 4253 311 4308 sacti
322 4253 384 4328 [pm
405 4253 477 4308 satali
502 4255 590 4310 Taur.
663 4255 724 4313 468
748 4257 814 4328 quas
827 4247 953 4326 B³f²pm
974 4258 1035 4311 edii.
1054 4272 1120 4327 qnae
1136 4249 1281 4328 PB¹f¹en
1296 4247 1305 4333 ll

164 4339 274 4414 inopina
295 4338 375 4393 suasit
387 4335 447 4414 ppd
468 4340 549 4394 Atuu.
