2948 4942
571 351 663 393 STATI
684 351 861 392 rflnnalnos
883 351 904 392 V

253 504 431 573 verticibus
454 510 606 583 totumque
630 504 708 562 notis
730 501 919 582 portantibus
942 520 1053 580 aequor

252 615 363 696 pendet
385 621 415 674 et
435 623 563 692 aequato
585 615 705 674 iamiam
727 632 820 692 prope
843 613 940 673 sidera
963 611 1072 672 dorso·

187 728 191 738 '
252 727 416 803 frangitur,
440 726 570 785 incertae
593 742 647 784 nec
669 726 728 784 ianr
751 725 833 802 prior
856 725 984 802 impetus
1007 723 1088 793 alno,

208 810 211 825 Ι
253 837 304 897 sed
327 835 407 896 labat
429 843 577 896 extantem
600 835 704 895 rostris
726 834 814 894 modo
837 836 954 912 gurgite
977 836 1008 894 in
1030 837 1090 894 imo

253 965 331 1007 nuno
353 946 435 1007 caelo
457 946 579 1006 Tritona
600 947 712 1006 serens.
756 963 812 1005 nec
834 945 942 1005 robora
964 952 1090 1024 prosunt

252 1030 417 1119 semideum
439 1057 579 1125 heroum,
602 1074 791 1135 puppemque
814 1059 916 1116 insana
939 1055 1068 1133 flagellat

252 1169 340 1230 arbor
363 1176 393 1228 et
415 1167 547 1228 instabili
569 1165 769 1250 procumbens
790 1167 922 1246 pondere
945 1185 1051 1227 curvas

251 1287 349 1360 raptat
371 1296 477 1358 aquaS,
501 1280 636 1358 remique
659 1277 768 1338 cadunt
789 1279 819 1337 in
843 1285 948 1356 pectus
970 1280 1083 1338 inanes.
1246 1282 1308 1340 375

251 1409 305 1450 nos
327 1407 443 1469 quoque
466 1407 521 1468 per
542 1406 633 1467 rupes
654 1407 866 1468 murorumque
890 1406 997 1466 aggere
1021 1388 1057 1449 ab
1080 1390 1177 1457 omni,

252 1501 322 1561 dum
344 1499 428 1560 labor
450 1498 499 1559 ille
523 1501 595 1559 viris
616 1500 751 1579 lrctaquc
774 1499 967 1576 indignantur
990 1507 1019 1559 et
1041 1505 1172 1568 austros,

154 1595 156 1599 ’
252 1611 379 1690 desuper
400 1609 538 1670 invalidis
560 1609 706 1670 fluitantia
727 1609 785 1670 tela
808 1609 928 1669 lacertis
991 1639 994 1645 .

253 1718 333 1802 (quid
358 1740 417 1780 non
440 1698 512 1781 ausa¹
533 1721 666 1798 manus‘l)
690 1720 849 1780 Telamona
872 1728 902 1781 et
923 1719 1010 1780 Pelea
1033 1727 1134 1782 contra

216 1869 220 1874 ·
251 1834 432 1912 spargimus
456 1838 486 1891 et
507 1839 609 1892 nostro
630 1833 743 1910 petitur
765 1830 939 1910 Tirynthius
961 1849 1041 1892 arcu.
1244 1836 1309 1894 380

250 1943 293 2003 illi
317 1942 436 2022 (quippe
459 1941 546 2002 simul
569 1941 647 2002 bello
668 1942 831 2021 pelagoque
854 1940 998 2022 laborant)

167 2167 293 2209 TESTES·
315 2166 487 2209 AVCTORES·
511 2165 711 2207 Iussurtu'onns.

233 2249 347 2312 368sqq.
362 2246 723 2312 of.0vid.met.x14sisqq.
737 2247 866 2297 fluctibus
880 2247 996 2310 erigitur
1004 2246 1170 2311 ‚caelumque
1183 2263 1308 2314 aequare

166 2315 277 2368 videtur
288 2322 388 2379 pontus
402 2319 430 2363 et
442 2314 569 2364 inductas
588 2317 734 2380 aspergine
754 2320 868 2380 tangere
887 2316 983 2366 nubes.
1013 2321 1041 2364 et
1058 2314 1151 2373 modo,
1171 2330 1232 2365 cum
1250 2317 1309 2368 sul·
1381 2361 1386 2370 ,

165 2400 217 2434 vas
236 2399 270 2432 ex
282 2384 335 2433 imo
348 2383 434 2432 verrit
452 2397 565 2446 arenas,
584 2383 713 2432 concolor
725 2390 768 2433 est
780 2383 851 2443 illis,
938 2387 966 2432 et
979 2398 1052 2432 nunc
1065 2383 1198 2444 sublimis,
1218 2384 1309 2435 veluti

166 2453 199 2501 de
213 2452 316 2501 vertice
330 2450 439 2512 montis,
458 2450 600 2515 despicere
618 2451 646 2500 in
659 2450 746 2502 valles
765 2451 900 2515 imumque
913 2451 1070 2500 Acheronta
1082 2451 1203 2512 videtur,
1222 2468 1306 2512 nunc,

164 2521 213 2569 ubi
232 2518 377 2568 demissam
396 2534 508 2567 curvum
531 2519 715 2569 circumstetit
737 2534 852 2582 aequor,
876 2519 1015 2583 suspicere
1038 2518 1148 2568 inferno
1172 2535 1308 2570 summum

165 2589 199 2637 de
222 2587 331 2651 gurgite
350 2585 469 2647 caelum3
492 2587 575 2652 Verg.
592 2587 660 2639 Aen.
678 2589 691 2638 Ι
710 2589 758 2637 106
770 2602 810 2649 sq.
833 2587 860 2635 hi
885 2602 987 2635 summo
1009 2587 1037 2636 in
1059 2587 1145 2636 fluctu
1168 2589 1308 2650 pendent3

164 2656 207 2706 his
228 2654 302 2703 unda
326 2654 471 2703 dehiscens
490 2659 591 2703 terram
613 2655 801 2710 intertinctus
820 2656 923 2718 aporii,
947 2655 1014 2703 surit
1037 2660 1131 2704 aestus
1149 2654 1272 2709 harenis.

199 2725 248 2773 380
271 2721 474 2771 hemistichium
498 2738 532 2771 ex
555 2723 635 2788 Verg.
659 2725 726 2772 Aen.
750 2723 805 2771 ΧΠ
824 2725 856 2772 50
874 2738 913 2787 sq.
940 2723 1095 2786 ferrumque
1119 2722 1187 2772 haut
1211 2724 1307 2776 debile

166 2791 263 2841 dextra
282 2791 447 2854 spargimus,
470 2795 497 2839 et
515 2795 609 2840 nostro
628 2790 753 2855 sequitur
771 2789 806 2840 de
825 2790 935 2840 volnere
954 2791 1076 2855 sanguis.
1144 2794 1192 2842 381
1208 2807 1248 2856 sq.
1270 2795 1308 2844 cf.

165 2858 247 2908 Ovid.
270 2864 334 2908 met.
353 2859 391 2907 XI
409 2859 459 2907 486
471 2873 530 2922 sqq.
554 2860 654 2922 sponte
677 2864 769 2908 tamen
792 2862 942 2922 properant
964 2857 1013 2906 alii
1036 2859 1186 2925 subducere
1205 2875 1308 2926 remos,

165 2942 229 2992 pers
250 2926 355 2975 munire
375 2925 462 2988 latus,
487 2943 551 2990 pars
568 2927 661 2977 ventis
679 2927 744 2977 vela
762 2942 872 2991 negare.
908 2927 999 2993 egerit
1021 2925 1067 2975 hic
1084 2926 1184 2977 fluctus

163 3135 259 3179 VARIA
281 3134 404 3176 LEOTIO.

169 3227 171 3230 ‘
249 3221 310 3278 368
331 3219 484 3276 Vorticibus
501 3238 527 3275 m
553 3212 564 3297 ΙΙ
592 3220 684 3276 nothis
699 3220 733 3291 fc
754 3213 765 3297 ΙΙ
786 3214 975 3297 portantibus]
1000 3220 1164 3277 certantibus
1182 3223 1209 3277 P
1229 3241 1308 3283 urens

165 3309 237 3363 Rea.
246 3349 255 3383 ‚
274 3306 314 3379 cf.
330 3307 415 3362 Tbch.
427 3304 437 3358 l
450 3304 510 3362 293
597 3305 657 3362 369
674 3314 784 3378 arquato
800 3306 827 3359 P
841 3312 868 3361 et
882 3324 985 3379 mergo
997 3306 1024 3360 B
1040 3299 1051 3383 ΙΙ
1066 3308 1118 3360 iam
1134 3306 1195 3378 (om.
1211 3311 1307 3367 altero

163 3390 225 3463 iam)
246 3393 273 3447 P
357 3390 419 3448 370
439 3391 558 3463 incaertc
582 3391 610 3444 B
639 3383 649 3466 ll
680 3390 799 3444 nec'iam
822 3391 896 3463 prior
918 3392 963 3462 Pp
1006 3391 1057 3453 iam
1078 3408 1128 3447 nec
1148 3393 1223 3464 prior
1245 3397 1312 3451 ΒΜ

164 3478 226 3533 cdd.
254 3470 265 3554 ll
291 3471 422 3553 impletus
440 3475 467 3529 B
552 3475 613 3532 372
633 3474 693 3530 Nun
715 3494 731 3530 r
750 3496 752 3500 ·
774 3474 849 3530 'lunc
873 3492 896 3529 n
982 3475 1042 3532 373
1068 3478 1234 3550 puppimque
1262 3476 1308 3536 Pd

164 3563 237 3617 Beli.
256 3563 283 3617 1.
301 3560 318 3616 2
395 3558 468 3617 374
487 3559 637 3632 pcumbens
655 3560 682 3616 B
703 3552 713 3636 ΙΙ
735 3567 847 3634 pectore
867 3555 915 3632 ΡΙ,
938 3561 1059 3634 pondere
1080 3580 1178 3634 margo
1194 3563 1221 3617 P

164 3713 224 3773 375
245 3714 360 3769 inanec
446 3712 507 3770 376
530 3666 610 3788 aggere
631 3713 658 3769 B
744 3712 803 3769 377
827 3706 887 3788 ille]
909 3714 979 3787 ipsae
995 3732 1069 3772 nnus
1085 3716 1157 3771 Bel.
1175 3722 1307 3786 aprima
1363 3666 1366 3671 Ι

162 3817 250 3855 monn
266 3792 277 3875 ΙΙ
294 3797 326 3853 ab
341 3798 437 3853 austris
450 3791 479 3853 r¹
522 3799 576 3853 let
590 3799 694 3853 austros
706 3791 736 3853 r²
751 3815 842 3869 supra
864 3814 924 3854 scr.
983 3807 1010 3854 et
1030 3800 1111 3855 austri
1127 3818 1178 3871 pm
1200 3817 1307 3860 securr-

72 3930 79 3946 .
163 3886 228 3940 dnm
246 3883 337 3953 Ovidii
355 3891 419 3940 met.
437 3881 543 3938 Xl491
569 3883 713 3956 ‘omnique
735 3889 850 3954 aparte
868 3883 987 3956 feroces
1008 3886 1081 3941 hello
1102 3893 1207 3959 parunt
1228 3893 1310 3944 venti
1371 3905 1377 3913 ·

160 4038 299 4110 fretaque
320 4038 498 4110 indignantia
514 4036 648 4093 miscent'
735 4035 796 4095 373
818 3978 885 4104 Quisi
899 4053 921 4092 n
1007 4038 1069 4097 380
1084 4037 1219 4116 Sparginq
1236 4042 1265 4096 P

163 4179 301 4264 Spargimb
317 4197 343 4245 et
359 4162 409 4243 nii>
425 4145 496 4262 petitr
508 4190 535 4246 B
551 4183 562 4266 ΙΙ
584 4191 712 4263 tiryntius
723 4190 750 4244 P
792 4190 956 4263 thyrinthius
969 4208 985 4246 c
1071 4190 1131 4248 381
1148 4191 1186 4248 illi
1203 4195 1307 4269 quippe

163 4275 242 4330 simul
256 4273 328 4331 bello
344 4273 495 4348 pelagoque
516 4273 645 4330 laborant.
677 4292 737 4348 pars
753 4275 846 4348 clipeis
861 4276 965 4331 munire
980 4284 1065 4332 ratem
1080 4279 1153 4344 edd„
1171 4285 1306 4336 correxit

162 4363 422 4431 interpunctionem
435 4359 620 4417 Schraderus
635 4365 663 4416 et
678 4360 835 4416 Bentleiuc
866 4361 906 4432 cs.
925 4361 1010 4418 Theb.
1027 4361 1071 4416 llll
1088 4360 1145 4418 797
1163 4379 1207 4436 sq.
1249 4438 1256 4449 ἱ
