<?xml version="1.0" encoding="UTF-8"?>
<!DOCTYPE html PUBLIC "-//W3C//DTD XHTML 1.0 Transitional//EN"
    "http://www.w3.org/TR/xhtml1/DTD/xhtml1-transitional.dtd">
<html xmlns="http://www.w3.org/1999/xhtml" xml:lang="en" lang="en">
 <head>
  <title>
</title>
<meta http-equiv="Content-Type" content="text/html;charset=utf-8" />
  <meta name='ocr-system' content='tesseract 3.04.00' />
  <meta name='ocr-capabilities' content='ocr_page ocr_carea ocr_par ocr_line ocrx_word'/>
</head>
<body>
  <div class='ocr_page' id='page_1' title='image "./thebaisetachill00muelgoog_0060.png"; bbox 0 0 2948 4942; ppageno 0'>
   <div class='ocr_carea' id='block_1_1' title="bbox 569 337 895 380">
    <p class='ocr_par' dir='ltr' id='par_1_1' title="bbox 569 337 895 380">
     <span class='ocr_line' id='line_1_1' title="bbox 569 337 895 380; baseline 0 -1"><span class='ocrx_word' id='word_1_1' title='bbox 569 339 660 380; x_wconf 82' lang='lat' dir='ltr'>STATI</span> <span class='ocrx_word' id='word_1_2' title='bbox 683 337 860 380; x_wconf 79' lang='lat' dir='ltr'>THEBAIDOS</span> <span class='ocrx_word' id='word_1_3' title='bbox 883 340 895 378; x_wconf 94' lang='lat'>1</span> 
     </span>
    </p>
   </div>
   <div class='ocr_carea' id='block_1_2' title="bbox 205 483 1164 2429">
    <p class='ocr_par' dir='ltr' id='par_1_2' title="bbox 205 483 1164 2429">
     <span class='ocr_line' id='line_1_2' title="bbox 252 483 1164 568; baseline -0.008 -17"><span class='ocrx_word' id='word_1_4' title='bbox 252 491 418 568; x_wconf 82' lang='lat' dir='ltr'><strong>quaerenti,</strong></span> <span class='ocrx_word' id='word_1_5' title='bbox 444 506 520 568; x_wconf 88' lang='lat' dir='ltr'><strong>quae</strong></span> <span class='ocrx_word' id='word_1_6' title='bbox 543 504 646 560; x_wconf 86' lang='lat' dir='ltr'><strong>causa,</strong></span> <span class='ocrx_word' id='word_1_7' title='bbox 671 486 753 560; x_wconf 86' lang='lat' dir='ltr'><strong>duci,</strong></span> <span class='ocrx_word' id='word_1_8' title='bbox 777 487 843 562; x_wconf 89' lang='lat' dir='ltr'><strong>quis</strong></span> <span class='ocrx_word' id='word_1_9' title='bbox 865 485 900 546; x_wconf 94' lang='lat' dir='ltr'><strong>ab</strong></span> <span class='ocrx_word' id='word_1_10' title='bbox 924 485 1043 546; x_wconf 80' lang='lat' dir='ltr'><strong>aethere</strong></span> <span class='ocrx_word' id='word_1_11' title='bbox 1065 483 1164 545; x_wconf 88' lang='lat' dir='ltr'><strong>laevus</strong></span> 
     </span>
     <span class='ocr_line' id='line_1_3' title="bbox 251 597 971 679; baseline -0.007 -19"><span class='ocrx_word' id='word_1_12' title='bbox 251 601 324 679; x_wconf 88' lang='lat' dir='ltr'><strong>ignis</strong></span> <span class='ocrx_word' id='word_1_13' title='bbox 347 601 430 660; x_wconf 91' lang='lat' dir='ltr'><strong>etin</strong></span> <span class='ocrx_word' id='word_1_14' title='bbox 453 605 549 659; x_wconf 93' lang='lat' dir='ltr'><strong>totum</strong></span> <span class='ocrx_word' id='word_1_15' title='bbox 570 602 710 674; x_wconf 75' lang='lat' dir='ltr'><strong>regnaret</strong></span> <span class='ocrx_word' id='word_1_16' title='bbox 732 597 825 656; x_wconf 92' lang='lat' dir='ltr'><strong>Sirius</strong></span> <span class='ocrx_word' id='word_1_17' title='bbox 847 613 971 665; x_wconf 90' lang='lat' dir='ltr'><strong>annum,</strong></span> 
     </span>
     <span class='ocr_line' id='line_1_4' title="bbox 247 705 1015 770; baseline -0.008 0"><span class='ocrx_word' id='word_1_18' title='bbox 247 709 323 770; x_wconf 90' lang='lat' dir='ltr'><strong>idem</strong></span> <span class='ocrx_word' id='word_1_19' title='bbox 346 716 450 770; x_wconf 84' lang='lat' dir='ltr'><strong>auctor</strong></span> <span class='ocrx_word' id='word_1_20' title='bbox 472 708 569 768; x_wconf 87' lang='lat' dir='ltr'><strong>Paean</strong></span> <span class='ocrx_word' id='word_1_21' title='bbox 590 723 694 767; x_wconf 90' lang='lat' dir='ltr'><strong>rursus</strong></span> <span class='ocrx_word' id='word_1_22' title='bbox 716 705 799 765; x_wconf 92' lang='lat' dir='ltr'><strong>iubet</strong></span> <span class='ocrx_word' id='word_1_23' title='bbox 823 707 868 765; x_wconf 91' lang='lat' dir='ltr'><strong>ire</strong></span> <span class='ocrx_word' id='word_1_24' title='bbox 890 712 1015 766; x_wconf 90' lang='lat' dir='ltr'><strong>cruento</strong></span> 
     </span>
     <span class='ocr_line' id='line_1_5' title="bbox 247 812 997 894; baseline -0.008 -14"><span class='ocrx_word' id='word_1_25' title='bbox 247 820 367 880; x_wconf 85' lang='lat' dir='ltr'><strong>inserias</strong></span> <span class='ocrx_word' id='word_1_26' title='bbox 388 826 523 879; x_wconf 90' lang='lat' dir='ltr'><strong>monstro</strong></span> <span class='ocrx_word' id='word_1_27' title='bbox 544 819 680 886; x_wconf 88' lang='lat' dir='ltr'><strong>iuvenes,</strong></span> <span class='ocrx_word' id='word_1_28' title='bbox 705 817 755 893; x_wconf 91' lang='lat' dir='ltr'><strong>qui</strong></span> <span class='ocrx_word' id='word_1_29' title='bbox 777 816 867 876; x_wconf 88' lang='lat' dir='ltr'><strong>caede</strong></span> <span class='ocrx_word' id='word_1_30' title='bbox 888 812 997 894; x_wconf 85' lang='lat' dir='ltr'><strong>potiti&#39;</strong></span> 
     </span>
     <span class='ocr_line' id='line_1_6' title="bbox 290 923 1086 1004; baseline -0.008 -14"><span class='ocrx_word' id='word_1_31' title='bbox 290 929 466 990; x_wconf 86' lang='lat' dir='ltr'><strong>‘Fortunate</strong></span> <span class='ocrx_word' id='word_1_32' title='bbox 489 927 580 986; x_wconf 88' lang='lat' dir='ltr'><strong>animi</strong></span> <span class='ocrx_word' id='word_1_33' title='bbox 601 926 782 1004; x_wconf 87' lang='lat' dir='ltr'><strong>longumque</strong></span> <span class='ocrx_word' id='word_1_34' title='bbox 804 927 834 984; x_wconf 89' lang='lat' dir='ltr'><strong>in</strong></span> <span class='ocrx_word' id='word_1_35' title='bbox 858 924 975 985; x_wconf 88' lang='lat' dir='ltr'><strong>saecula</strong></span> <span class='ocrx_word' id='word_1_36' title='bbox 998 923 1086 1001; x_wconf 86' lang='lat' dir='ltr'><strong>digne</strong></span> 
     </span>
     <span class='ocr_line' id='line_1_7' title="bbox 205 1021 1028 1118; baseline -0.01 -18"><span class='ocrx_word' id='word_1_37' title='bbox 205 1021 209 1026; x_wconf 32' lang='lat'>¹</span> <span class='ocrx_word' id='word_1_38' title='bbox 248 1039 447 1118; x_wconf 85' lang='lat' dir='ltr'><strong>promeriture</strong></span> <span class='ocrx_word' id='word_1_39' title='bbox 470 1037 563 1099; x_wconf 88' lang='lat' dir='ltr'><strong>diem!</strong></span> <span class='ocrx_word' id='word_1_40' title='bbox 586 1053 646 1096; x_wconf 89' lang='lat' dir='ltr'><strong>non</strong></span> <span class='ocrx_word' id='word_1_41' title='bbox 668 1041 700 1094; x_wconf 92' lang='lat' dir='ltr'><strong>tu</strong></span> <span class='ocrx_word' id='word_1_42' title='bbox 722 1036 771 1112; x_wconf 92' lang='lat' dir='ltr'><strong>pia</strong></span> <span class='ocrx_word' id='word_1_43' title='bbox 794 1034 926 1112; x_wconf 85' lang='lat' dir='ltr'><strong>degener</strong></span> <span class='ocrx_word' id='word_1_44' title='bbox 948 1052 1028 1094; x_wconf 90' lang='lat' dir='ltr'><strong>arma</strong></span> 
     </span>
     <span class='ocr_line' id='line_1_8' title="bbox 252 1144 1011 1224; baseline -0.007 -17"><span class='ocrx_word' id='word_1_45' title='bbox 252 1146 363 1210; x_wconf 86' lang='lat' dir='ltr'><strong>occulis</strong></span> <span class='ocrx_word' id='word_1_46' title='bbox 386 1155 437 1207; x_wconf 92' lang='lat' dir='ltr'><strong>aut</strong></span> <span class='ocrx_word' id='word_1_47' title='bbox 458 1153 557 1207; x_wconf 89' lang='lat' dir='ltr'><strong>certae</strong></span> <span class='ocrx_word' id='word_1_48' title='bbox 578 1144 712 1224; x_wconf 88' lang='lat' dir='ltr'><strong>trepidas</strong></span> <span class='ocrx_word' id='word_1_49' title='bbox 733 1161 891 1206; x_wconf 89' lang='lat' dir='ltr'><strong>occurrere</strong></span> <span class='ocrx_word' id='word_1_50' title='bbox 913 1145 1011 1203; x_wconf 91' lang='lat' dir='ltr'><strong>morti.</strong></span> 
     </span>
     <span class='ocr_line' id='line_1_9' title="bbox 248 1251 1070 1338; baseline -0.006 -21"><span class='ocrx_word' id='word_1_51' title='bbox 248 1258 413 1317; x_wconf 90' lang='lat' dir='ltr'><strong>comminus</strong></span> <span class='ocrx_word' id='word_1_52' title='bbox 436 1273 487 1315; x_wconf 85' lang='lat' dir='ltr'><strong>ora</strong></span> <span class='ocrx_word' id='word_1_53' title='bbox 510 1255 610 1314; x_wconf 91' lang='lat' dir='ltr'><strong>serens</strong></span> <span class='ocrx_word' id='word_1_54' title='bbox 633 1253 768 1315; x_wconf 81' lang='lat' dir='ltr'><strong>Cirrhaei</strong></span> <span class='ocrx_word' id='word_1_55' title='bbox 789 1253 819 1313; x_wconf 95' lang='lat' dir='ltr'><strong>in</strong></span> <span class='ocrx_word' id='word_1_56' title='bbox 842 1253 944 1313; x_wconf 91' lang='lat' dir='ltr'><strong>limine</strong></span> <span class='ocrx_word' id='word_1_57' title='bbox 966 1251 1070 1338; x_wconf 81' lang='lat' dir='ltr'><strong>tempsi</strong></span> 
     </span>
     <span class='ocr_line' id='line_1_10' title="bbox 250 1359 1008 1442; baseline -0.005 -16"><span class='ocrx_word' id='word_1_58' title='bbox 250 1367 382 1427; x_wconf 90' lang='lat' dir='ltr'><strong>constitit</strong></span> <span class='ocrx_word' id='word_1_59' title='bbox 403 1374 433 1426; x_wconf 89' lang='lat' dir='ltr'><strong>et</strong></span> <span class='ocrx_word' id='word_1_60' title='bbox 454 1382 553 1426; x_wconf 87' lang='lat' dir='ltr'><strong>sacras</strong></span> <span class='ocrx_word' id='word_1_61' title='bbox 574 1366 616 1424; x_wconf 90' lang='lat' dir='ltr'><strong>ita</strong></span> <span class='ocrx_word' id='word_1_62' title='bbox 638 1363 760 1424; x_wconf 86' lang='lat' dir='ltr'><strong>vocibus</strong></span> <span class='ocrx_word' id='word_1_63' title='bbox 782 1371 901 1442; x_wconf 88' lang='lat' dir='ltr'><strong>asperat</strong></span> <span class='ocrx_word' id='word_1_64' title='bbox 922 1359 1008 1423; x_wconf 90' lang='lat' dir='ltr'><strong>iras:&#39;</strong></span> 
     </span>
     <span class='ocr_line' id='line_1_11' title="bbox 291 1471 1156 1552; baseline -0.005 -16"><span class='ocrx_word' id='word_1_65' title='bbox 291 1475 370 1536; x_wconf 89' lang='lat' dir='ltr'><strong>‘Non</strong></span> <span class='ocrx_word' id='word_1_66' title='bbox 392 1477 514 1544; x_wconf 92' lang='lat' dir='ltr'><strong>missus,</strong></span> <span class='ocrx_word' id='word_1_67' title='bbox 538 1473 739 1552; x_wconf 76' lang='lat' dir='ltr'><strong>Thymbraee,</strong></span> <span class='ocrx_word' id='word_1_68' title='bbox 761 1480 828 1534; x_wconf 92' lang='lat' dir='ltr'><strong>tuos</strong></span> <span class='ocrx_word' id='word_1_69' title='bbox 851 1471 1012 1552; x_wconf 83' lang='lat' dir='ltr'><strong>supplexve</strong></span> <span class='ocrx_word' id='word_1_70' title='bbox 1034 1479 1156 1552; x_wconf 90' lang='lat' dir='ltr'><strong>penates</strong></span> 
     </span>
     <span class='ocr_line' id='line_1_12' title="bbox 251 1583 976 1663; baseline -0.006 -17"><span class='ocrx_word' id='word_1_71' title='bbox 251 1585 388 1652; x_wconf 85' lang='lat' dir='ltr'><strong>advenio;</strong></span> <span class='ocrx_word' id='word_1_72' title='bbox 413 1602 478 1646; x_wconf 88' lang='lat' dir='ltr'><strong>mea</strong></span> <span class='ocrx_word' id='word_1_73' title='bbox 500 1601 547 1645; x_wconf 92' lang='lat' dir='ltr'><strong>me</strong></span> <span class='ocrx_word' id='word_1_74' title='bbox 570 1585 663 1663; x_wconf 89' lang='lat' dir='ltr'><strong>pietas</strong></span> <span class='ocrx_word' id='word_1_75' title='bbox 686 1591 714 1644; x_wconf 91' lang='lat' dir='ltr'><strong>et</strong></span> <span class='ocrx_word' id='word_1_76' title='bbox 736 1584 854 1643; x_wconf 89' lang='lat' dir='ltr'><strong>conscia</strong></span> <span class='ocrx_word' id='word_1_77' title='bbox 881 1583 976 1643; x_wconf 89' lang='lat' dir='ltr'><strong>virtus</strong></span> 
     </span>
     <span class='ocr_line' id='line_1_13' title="bbox 248 1685 1015 1772; baseline -0.004 -17"><span class='ocrx_word' id='word_1_78' title='bbox 248 1693 298 1755; x_wconf 90' lang='lat' dir='ltr'><strong>has</strong></span> <span class='ocrx_word' id='word_1_79' title='bbox 320 1706 409 1772; x_wconf 88' lang='lat' dir='ltr'><strong>egere</strong></span> <span class='ocrx_word' id='word_1_80' title='bbox 432 1695 501 1754; x_wconf 88' lang='lat' dir='ltr'><strong>vias.</strong></span> <span class='ocrx_word' id='word_1_81' title='bbox 528 1685 586 1771; x_wconf 84' lang='lat' dir='ltr'><strong>&#39;ego</strong></span> <span class='ocrx_word' id='word_1_82' title='bbox 608 1712 687 1762; x_wconf 90' lang='lat' dir='ltr'><strong>sum,</strong></span> <span class='ocrx_word' id='word_1_83' title='bbox 711 1695 763 1772; x_wconf 93' lang='lat' dir='ltr'><strong>qui</strong></span> <span class='ocrx_word' id='word_1_84' title='bbox 785 1691 875 1752; x_wconf 89' lang='lat' dir='ltr'><strong>caede</strong></span> <span class='ocrx_word' id='word_1_85' title='bbox 897 1691 1015 1770; x_wconf 84' lang='lat' dir='ltr'><strong>subegi,</strong></span> 
     </span>
     <span class='ocr_line' id='line_1_14' title="bbox 252 1791 1119 1879; baseline -0.006 -15"><span class='ocrx_word' id='word_1_86' title='bbox 252 1802 385 1873; x_wconf 86' lang='lat' dir='ltr'><strong>Phoebe,</strong></span> <span class='ocrx_word' id='word_1_87' title='bbox 408 1809 491 1863; x_wconf 91' lang='lat' dir='ltr'><strong>tuum</strong></span> <span class='ocrx_word' id='word_1_88' title='bbox 513 1801 639 1863; x_wconf 87' lang='lat' dir='ltr'><strong>mortale</strong></span> <span class='ocrx_word' id='word_1_89' title='bbox 660 1802 758 1872; x_wconf 83' lang='lat' dir='ltr'><strong>nefas,</strong></span> <span class='ocrx_word' id='word_1_90' title='bbox 783 1791 870 1879; x_wconf 83' lang='lat' dir='ltr'><strong>quem</strong></span> <span class='ocrx_word' id='word_1_91' title='bbox 894 1800 1024 1863; x_wconf 93' lang='lat' dir='ltr'><strong>nubibus</strong></span> <span class='ocrx_word' id='word_1_92' title='bbox 1048 1801 1119 1862; x_wconf 91' lang='lat' dir='ltr'><strong>atris</strong></span> 
     </span>
     <span class='ocr_line' id='line_1_15' title="bbox 253 1910 985 1993; baseline -0.005 -20"><span class='ocrx_word' id='word_1_93' title='bbox 253 1920 279 1973; x_wconf 92' lang='lat' dir='ltr'><strong>et</strong></span> <span class='ocrx_word' id='word_1_94' title='bbox 300 1911 453 1993; x_wconf 87' lang='lat' dir='ltr'><strong>squalente</strong></span> <span class='ocrx_word' id='word_1_95' title='bbox 475 1912 537 1981; x_wconf 91' lang='lat' dir='ltr'><strong>die,</strong></span> <span class='ocrx_word' id='word_1_96' title='bbox 561 1913 645 1990; x_wconf 88' lang='lat' dir='ltr'><strong>nigra</strong></span> <span class='ocrx_word' id='word_1_97' title='bbox 669 1928 757 1989; x_wconf 90' lang='lat' dir='ltr'><strong>quem</strong></span> <span class='ocrx_word' id='word_1_98' title='bbox 780 1910 848 1972; x_wconf 92' lang='lat' dir='ltr'><strong>tabe</strong></span> <span class='ocrx_word' id='word_1_99' title='bbox 870 1912 985 1972; x_wconf 87' lang='lat' dir='ltr'><strong>sinistri</strong></span> 
     </span>
     <span class='ocr_line' id='line_1_16' title="bbox 251 2020 1157 2100; baseline -0.003 -17"><span class='ocrx_word' id='word_1_100' title='bbox 251 2024 381 2099; x_wconf 89' lang='lat' dir='ltr'><strong>quaeris,</strong></span> <span class='ocrx_word' id='word_1_101' title='bbox 404 2023 522 2099; x_wconf 90' lang='lat' dir='ltr'><strong>inique,</strong></span> <span class='ocrx_word' id='word_1_102' title='bbox 545 2021 616 2100; x_wconf 89' lang='lat' dir='ltr'><strong>poli.</strong></span> <span class='ocrx_word' id='word_1_103' title='bbox 645 2020 751 2098; x_wconf 88' lang='lat' dir='ltr'><strong>quodsi</strong></span> <span class='ocrx_word' id='word_1_104' title='bbox 773 2026 906 2082; x_wconf 87' lang='lat' dir='ltr'><strong>monstra</strong></span> <span class='ocrx_word' id='word_1_105' title='bbox 930 2021 1020 2081; x_wconf 91' lang='lat' dir='ltr'><strong>essera</strong></span> <span class='ocrx_word' id='word_1_106' title='bbox 1042 2021 1157 2098; x_wconf 88' lang='lat' dir='ltr'><strong>magnis</strong></span> 
     </span>
     <span class='ocr_line' id='line_1_17' title="bbox 250 2125 958 2210; baseline -0.004 -18"><span class='ocrx_word' id='word_1_107' title='bbox 250 2149 313 2193; x_wconf 89' lang='lat' dir='ltr'><strong>cara</strong></span> <span class='ocrx_word' id='word_1_108' title='bbox 337 2125 411 2192; x_wconf 89' lang='lat' dir='ltr'><strong>adeo</strong></span> <span class='ocrx_word' id='word_1_109' title='bbox 434 2132 565 2210; x_wconf 88' lang='lat' dir='ltr'><strong>superis,</strong></span> <span class='ocrx_word' id='word_1_110' title='bbox 588 2132 762 2207; x_wconf 90' lang='lat' dir='ltr'><strong>iacturaque</strong></span> <span class='ocrx_word' id='word_1_111' title='bbox 784 2129 869 2190; x_wconf 89' lang='lat' dir='ltr'><strong>vilior</strong></span> <span class='ocrx_word' id='word_1_112' title='bbox 892 2128 958 2190; x_wconf 94' lang='lat' dir='ltr'><strong>orbi</strong></span> 
     </span>
     <span class='ocr_line' id='line_1_18' title="bbox 252 2238 1123 2309; baseline -0.001 -9"><span class='ocrx_word' id='word_1_113' title='bbox 252 2259 330 2302; x_wconf 92' lang='lat' dir='ltr'><strong>mors</strong></span> <span class='ocrx_word' id='word_1_114' title='bbox 352 2240 505 2301; x_wconf 94' lang='lat' dir='ltr'><strong>hominum</strong></span> <span class='ocrx_word' id='word_1_115' title='bbox 529 2246 559 2300; x_wconf 86' lang='lat' dir='ltr'><strong>et</strong></span> <span class='ocrx_word' id='word_1_116' title='bbox 581 2257 668 2301; x_wconf 88' lang='lat' dir='ltr'><strong>saevo</strong></span> <span class='ocrx_word' id='word_1_117' title='bbox 689 2247 771 2300; x_wconf 91' lang='lat' dir='ltr'><strong>tanta</strong></span> <span class='ocrx_word' id='word_1_118' title='bbox 792 2238 982 2299; x_wconf 90' lang='lat' dir='ltr'><strong>inclementia</strong></span> <span class='ocrx_word' id='word_1_119' title='bbox 1005 2238 1123 2309; x_wconf 88' lang='lat' dir='ltr'><strong>caelost,</strong></span> 
     </span>
     <span class='ocr_line' id='line_1_19' title="bbox 252 2347 1158 2429; baseline -0.002 -19"><span class='ocrx_word' id='word_1_120' title='bbox 252 2349 318 2429; x_wconf 87' lang='lat' dir='ltr'><strong>quid</strong></span> <span class='ocrx_word' id='word_1_121' title='bbox 341 2368 481 2411; x_wconf 88' lang='lat' dir='ltr'><strong>meruere</strong></span> <span class='ocrx_word' id='word_1_122' title='bbox 503 2349 592 2427; x_wconf 79' lang='lat' dir='ltr'><strong>Argi?</strong></span> <span class='ocrx_word' id='word_1_123' title='bbox 615 2368 679 2418; x_wconf 92' lang='lat' dir='ltr'><strong>me,</strong></span> <span class='ocrx_word' id='word_1_124' title='bbox 704 2367 767 2428; x_wconf 84' lang='lat' dir='ltr'><strong>me,</strong></span> <span class='ocrx_word' id='word_1_125' title='bbox 791 2349 891 2410; x_wconf 85' lang='lat' dir='ltr'><strong>divum</strong></span> <span class='ocrx_word' id='word_1_126' title='bbox 914 2351 1038 2428; x_wconf 90' lang='lat' dir='ltr'><strong>optime,</strong></span> <span class='ocrx_word' id='word_1_127' title='bbox 1062 2347 1158 2410; x_wconf 90' lang='lat' dir='ltr'><strong>solum</strong></span> 
     </span>
    </p>
   </div>
   <div class='ocr_carea' id='block_1_3' title="bbox 252 2458 977 2539">
    <p class='ocr_par' dir='ltr' id='par_1_3' title="bbox 252 2458 977 2539">
     <span class='ocr_line' id='line_1_20' title="bbox 252 2458 977 2539; baseline -0.003 -20"><span class='ocrx_word' id='word_1_128' title='bbox 252 2459 393 2520; x_wconf 88' lang='lat' dir='ltr'><strong>obiecisse</strong></span> <span class='ocrx_word' id='word_1_129' title='bbox 417 2468 504 2539; x_wconf 92' lang='lat' dir='ltr'><strong>caput</strong></span> <span class='ocrx_word' id='word_1_130' title='bbox 524 2460 593 2520; x_wconf 87' lang='lat' dir='ltr'><strong>satis</strong></span> <span class='ocrx_word' id='word_1_131' title='bbox 616 2458 796 2538; x_wconf 86' lang='lat' dir='ltr'><strong>praestabat.</strong></span> <span class='ocrx_word' id='word_1_132' title='bbox 829 2475 867 2518; x_wconf 92' lang='lat' dir='ltr'><strong>an</strong></span> <span class='ocrx_word' id='word_1_133' title='bbox 889 2458 977 2527; x_wconf 88' lang='lat' dir='ltr'><strong>iliud,</strong></span> 
     </span>
    </p>
   </div>
   <div class='ocr_carea' id='block_1_4' title="bbox 173 2624 367 2646">
    <p class='ocr_par' dir='ltr' id='par_1_4' title="bbox 173 2624 367 2646">
     <span class='ocr_line' id='line_1_21' title="bbox 173 2624 367 2646; baseline -0.005 0"><span class='ocrx_word' id='word_1_134' title='bbox 173 2624 367 2646; x_wconf 36' lang='grc' dir='ltr'><strong>ᾪ--ι</strong></span> 
     </span>
    </p>
   </div>
   <div class='ocr_carea' id='block_1_5' title="bbox 176 2728 709 2802">
    <p class='ocr_par' dir='ltr' id='par_1_5' title="bbox 176 2728 709 2802">
     <span class='ocr_line' id='line_1_22' title="bbox 176 2728 709 2802; baseline 0 -4"><span class='ocrx_word' id='word_1_135' title='bbox 176 2747 288 2801; x_wconf 64' lang='lat' dir='ltr'><strong>tnsrus.</strong></span> <span class='ocrx_word' id='word_1_136' title='bbox 311 2728 484 2802; x_wconf 64' lang='lat' dir='ltr'><strong>thoronus.</strong></span> <span class='ocrx_word' id='word_1_137' title='bbox 509 2757 709 2800; x_wconf 65' lang='lat' dir='ltr'><strong>rumorosus.</strong></span> 
     </span>
    </p>
   </div>
   <div class='ocr_carea' id='block_1_6' title="bbox 183 2844 1320 3114">
    <p class='ocr_par' dir='ltr' id='par_1_6' title="bbox 183 2844 1305 2979">
     <span class='ocr_line' id='line_1_23' title="bbox 234 2844 1305 2910; baseline -0.003 -13"><span class='ocrx_word' id='word_1_138' title='bbox 234 2848 280 2898; x_wconf 87' lang='grc'><strong>635</strong></span> <span class='ocrx_word' id='word_1_139' title='bbox 303 2847 346 2898; x_wconf 83' lang='lat' dir='ltr'><strong>‘et</strong></span> <span class='ocrx_word' id='word_1_140' title='bbox 432 2845 546 2896; x_wconf 80' lang='lat' dir='ltr'><strong>annum’</strong></span> <span class='ocrx_word' id='word_1_141' title='bbox 573 2844 689 2896; x_wconf 82' lang='lat' dir='ltr'><strong>Servius</strong></span> <span class='ocrx_word' id='word_1_142' title='bbox 715 2845 751 2895; x_wconf 82' lang='lat' dir='ltr'><strong>ad</strong></span> <span class='ocrx_word' id='word_1_143' title='bbox 773 2846 855 2910; x_wconf 89' lang='lat' dir='ltr'><strong>Verg.</strong></span> <span class='ocrx_word' id='word_1_144' title='bbox 878 2845 946 2895; x_wconf 88' lang='lat' dir='ltr'><strong>Aen.</strong></span> <span class='ocrx_word' id='word_1_145' title='bbox 968 2845 1012 2896; x_wconf 89' lang='lat' dir='ltr'><strong>III</strong></span> <span class='ocrx_word' id='word_1_146' title='bbox 1036 2847 1083 2895; x_wconf 91' lang='grc'><strong>141</strong></span> <span class='ocrx_word' id='word_1_147' title='bbox 1192 2846 1242 2896; x_wconf 89' lang='grc'><strong>638</strong></span> <span class='ocrx_word' id='word_1_148' title='bbox 1258 2861 1305 2909; x_wconf 79' lang='lat' dir='ltr'><strong>sq.</strong></span> 
     </span>
     <span class='ocr_line' id='line_1_24' title="bbox 183 2903 1266 2979; baseline 0.001 -19"><span class='ocrx_word' id='word_1_149' title='bbox 183 2903 341 2979; x_wconf 85' lang='lat' dir='ltr'><strong>‘longumque</strong></span> <span class='ocrx_word' id='word_1_150' title='bbox 427 2913 512 2964; x_wconf 84' lang='lat' dir='ltr'><strong>diem’</strong></span> <span class='ocrx_word' id='word_1_151' title='bbox 537 2914 698 2964; x_wconf 84' lang='lat' dir='ltr'><strong>Priscianus</strong></span> <span class='ocrx_word' id='word_1_152' title='bbox 715 2914 780 2963; x_wconf 83' lang='lat' dir='ltr'><strong>inst.</strong></span> <span class='ocrx_word' id='word_1_153' title='bbox 800 2915 824 2962; x_wconf 91' lang='lat' dir='ltr'>V</span> <span class='ocrx_word' id='word_1_154' title='bbox 842 2914 872 2973; x_wconf 87' lang='lat'><strong>5,</strong></span> <span class='ocrx_word' id='word_1_155' title='bbox 895 2914 928 2962; x_wconf 80' lang='grc'><strong>26</strong></span> <span class='ocrx_word' id='word_1_156' title='bbox 946 2911 971 2977; x_wconf 90' lang='grc' dir='ltr'><strong>(Ι</strong></span> <span class='ocrx_word' id='word_1_157' title='bbox 990 2929 1016 2977; x_wconf 90' lang='lat' dir='ltr'><strong>p.</strong></span> <span class='ocrx_word' id='word_1_158' title='bbox 1037 2915 1085 2963; x_wconf 85' lang='lat'><strong>159</strong></span> <span class='ocrx_word' id='word_1_159' title='bbox 1105 2912 1148 2963; x_wconf 89' lang='lat' dir='ltr'><strong>ed.</strong></span> <span class='ocrx_word' id='word_1_160' title='bbox 1168 2911 1266 2976; x_wconf 80' lang='lat' dir='ltr'><strong>Hertz)</strong></span> 
     </span>
    </p>

    <p class='ocr_par' dir='ltr' id='par_1_7' title="bbox 183 2979 1320 3114">
     <span class='ocr_line' id='line_1_25' title="bbox 234 2979 1320 3046; baseline -0.002 -15"><span class='ocrx_word' id='word_1_161' title='bbox 234 2983 280 3032; x_wconf 82' lang='grc'><strong>644</strong></span> <span class='ocrx_word' id='word_1_162' title='bbox 300 2983 335 3033; x_wconf 86' lang='lat' dir='ltr'><strong>cs.</strong></span> <span class='ocrx_word' id='word_1_163' title='bbox 354 2984 438 3046; x_wconf 83' lang='lat' dir='ltr'><strong>Verg.</strong></span> <span class='ocrx_word' id='word_1_164' title='bbox 456 2982 525 3034; x_wconf 85' lang='lat' dir='ltr'><strong>Aen.</strong></span> <span class='ocrx_word' id='word_1_165' title='bbox 543 2982 568 3030; x_wconf 89' lang='lat' dir='ltr'>V</span> <span class='ocrx_word' id='word_1_166' title='bbox 585 2983 635 3032; x_wconf 87' lang='grc'><strong>455</strong></span> <span class='ocrx_word' id='word_1_167' title='bbox 654 2982 765 3031; x_wconf 83' lang='lat' dir='ltr'><strong>conscia</strong></span> <span class='ocrx_word' id='word_1_168' title='bbox 783 2981 872 3032; x_wconf 86' lang='lat' dir='ltr'><strong>virtus</strong></span> <span class='ocrx_word' id='word_1_169' title='bbox 959 2983 1007 3030; x_wconf 87' lang='grc'><strong>651</strong></span> <span class='ocrx_word' id='word_1_170' title='bbox 1028 2981 1063 3030; x_wconf 85' lang='lat' dir='ltr'><strong>cf.</strong></span> <span class='ocrx_word' id='word_1_171' title='bbox 1082 2981 1164 3045; x_wconf 85' lang='lat' dir='ltr'><strong>Verg.</strong></span> <span class='ocrx_word' id='word_1_172' title='bbox 1182 2979 1250 3030; x_wconf 82' lang='lat' dir='ltr'><strong>Aen.</strong></span> <span class='ocrx_word' id='word_1_173' title='bbox 1268 2980 1320 3030; x_wconf 80' lang='lat' dir='ltr'><strong>1x·</strong></span> 
     </span>
     <span class='ocr_line' id='line_1_26' title="bbox 183 3044 1027 3114; baseline 0.001 -18"><span class='ocrx_word' id='word_1_174' title='bbox 183 3044 220 3098; x_wconf 77' lang='grc'><strong>427</strong></span> <span class='ocrx_word' id='word_1_175' title='bbox 235 3064 274 3100; x_wconf 91' lang='lat' dir='ltr'><strong>me</strong></span> <span class='ocrx_word' id='word_1_176' title='bbox 292 3065 336 3100; x_wconf 87' lang='lat' dir='ltr'><strong>me</strong></span> <span class='ocrx_word' id='word_1_177' title='bbox 355 3049 462 3113; x_wconf 84' lang='lat' dir='ltr'><strong>(adsum</strong></span> <span class='ocrx_word' id='word_1_178' title='bbox 481 3049 528 3114; x_wconf 90' lang='lat' dir='ltr'><strong>qui</strong></span> <span class='ocrx_word' id='word_1_179' title='bbox 546 3046 623 3113; x_wconf 83' lang='lat' dir='ltr'><strong>feci),</strong></span> <span class='ocrx_word' id='word_1_180' title='bbox 642 3048 671 3098; x_wconf 93' lang='lat' dir='ltr'><strong>in</strong></span> <span class='ocrx_word' id='word_1_181' title='bbox 689 3064 731 3098; x_wconf 90' lang='lat' dir='ltr'><strong>me</strong></span> <span class='ocrx_word' id='word_1_182' title='bbox 751 3048 906 3099; x_wconf 83' lang='lat' dir='ltr'><strong>convertite</strong></span> <span class='ocrx_word' id='word_1_183' title='bbox 925 3048 1027 3098; x_wconf 88' lang='lat' dir='ltr'><strong>ferrum</strong></span> 
     </span>
    </p>
   </div>
   <div class='ocr_carea' id='block_1_7' title="bbox 175 3338 405 3382">
    <p class='ocr_par' dir='ltr' id='par_1_8' title="bbox 175 3338 405 3382">
     <span class='ocr_line' id='line_1_27' title="bbox 175 3338 405 3382; baseline -0.004 -3"><span class='ocrx_word' id='word_1_184' title='bbox 175 3338 264 3382; x_wconf 68' lang='lat' dir='ltr'><strong>vante</strong></span> <span class='ocrx_word' id='word_1_185' title='bbox 280 3339 405 3382; x_wconf 75' lang='lat' dir='ltr'><strong>uncum.</strong></span> 
     </span>
    </p>
   </div>
   <div class='ocr_carea' id='block_1_8' title="bbox 162 3422 1354 4435">
    <p class='ocr_par' dir='ltr' id='par_1_9' title="bbox 171 3422 1308 3594">
     <span class='ocr_line' id='line_1_28' title="bbox 250 3422 1307 3511; baseline -0.008 -21"><span class='ocrx_word' id='word_1_186' title='bbox 250 3432 309 3490; x_wconf 89' lang='grc'><strong>634</strong></span> <span class='ocrx_word' id='word_1_187' title='bbox 333 3431 462 3500; x_wconf 80' lang='lat' dir='ltr'><strong>Querenti</strong></span> <span class='ocrx_word' id='word_1_188' title='bbox 485 3423 530 3511; x_wconf 77' lang='lat' dir='ltr'><strong>cll</strong></span> <span class='ocrx_word' id='word_1_189' title='bbox 545 3449 597 3506; x_wconf 87' lang='lat' dir='ltr'><strong>que</strong></span> <span class='ocrx_word' id='word_1_190' title='bbox 620 3434 648 3488; x_wconf 90' lang='lat' dir='ltr'><em>B</em></span> <span class='ocrx_word' id='word_1_191' title='bbox 662 3423 675 3510; x_wconf 74' lang='grc' dir='ltr'>Η</span> <span class='ocrx_word' id='word_1_192' title='bbox 691 3432 819 3487; x_wconf 88' lang='lat' dir='ltr'><strong>haethere</strong></span> <span class='ocrx_word' id='word_1_193' title='bbox 842 3433 869 3487; x_wconf 90' lang='lat' dir='ltr'><em>B</em></span> <span class='ocrx_word' id='word_1_194' title='bbox 883 3422 898 3510; x_wconf 74' lang='grc' dir='ltr'><strong>[Ι</strong></span> <span class='ocrx_word' id='word_1_195' title='bbox 912 3432 991 3487; x_wconf 88' lang='lat' dir='ltr'><strong>lenus</strong></span> <span class='ocrx_word' id='word_1_196' title='bbox 1009 3432 1055 3503; x_wconf 85' lang='lat' dir='ltr'><strong>Pf</strong></span> <span class='ocrx_word' id='word_1_197' title='bbox 1126 3428 1185 3486; x_wconf 91' lang='grc'><strong>635</strong></span> <span class='ocrx_word' id='word_1_198' title='bbox 1209 3423 1250 3503; x_wconf 87' lang='lat' dir='ltr'><strong>et]</strong></span> <span class='ocrx_word' id='word_1_199' title='bbox 1275 3446 1307 3483; x_wconf 89' lang='lat' dir='ltr'><strong>au</strong></span> 
     </span>
     <span class='ocr_line' id='line_1_29' title="bbox 171 3507 1308 3594; baseline -0.004 -23"><span class='ocrx_word' id='word_1_200' title='bbox 171 3517 237 3572; x_wconf 84' lang='lat' dir='ltr'><strong>Beh.</strong></span> <span class='ocrx_word' id='word_1_201' title='bbox 255 3509 268 3594; x_wconf 85' lang='grc' dir='ltr'><strong>ΙΙ</strong></span> <span class='ocrx_word' id='word_1_202' title='bbox 283 3511 396 3592; x_wconf 89' lang='lat' dir='ltr'><strong>annum]</strong></span> <span class='ocrx_word' id='word_1_203' title='bbox 422 3515 514 3572; x_wconf 91' lang='lat' dir='ltr'><strong>orbem</strong></span> <span class='ocrx_word' id='word_1_204' title='bbox 534 3535 557 3588; x_wconf 81' lang='lat' dir='ltr'><strong>p</strong></span> <span class='ocrx_word' id='word_1_205' title='bbox 623 3517 682 3574; x_wconf 91' lang='grc'><strong>636</strong></span> <span class='ocrx_word' id='word_1_206' title='bbox 706 3523 780 3571; x_wconf 87' lang='lat' dir='ltr'><strong>notor</strong></span> <span class='ocrx_word' id='word_1_207' title='bbox 802 3533 824 3570; x_wconf 81' lang='lat' dir='ltr'><strong>rr</strong></span> <span class='ocrx_word' id='word_1_208' title='bbox 838 3507 852 3594; x_wconf 74' lang='grc' dir='ltr'>Η</span> <span class='ocrx_word' id='word_1_209' title='bbox 867 3532 935 3589; x_wconf 85' lang='lat' dir='ltr'><strong>pean</strong></span> <span class='ocrx_word' id='word_1_210' title='bbox 958 3516 1016 3588; x_wconf 85' lang='lat' dir='ltr'><strong>Pfc</strong></span> <span class='ocrx_word' id='word_1_211' title='bbox 1087 3514 1146 3572; x_wconf 81' lang='grc'><strong>637</strong></span> <span class='ocrx_word' id='word_1_212' title='bbox 1170 3512 1236 3568; x_wconf 88' lang='lat' dir='ltr'><strong>cede</strong></span> <span class='ocrx_word' id='word_1_213' title='bbox 1250 3513 1308 3585; x_wconf 85' lang='lat' dir='ltr'><strong>Pfc</strong></span> 
     </span>
    </p>

    <p class='ocr_par' dir='ltr' id='par_1_10' title="bbox 162 3593 1354 4435">
     <span class='ocr_line' id='line_1_30' title="bbox 228 3593 1308 3673; baseline -0.007 -15"><span class='ocrx_word' id='word_1_214' title='bbox 228 3601 288 3658; x_wconf 87' lang='grc'><strong>638</strong></span> <span class='ocrx_word' id='word_1_215' title='bbox 310 3601 399 3656; x_wconf 84' lang='lat' dir='ltr'><strong>secula</strong></span> <span class='ocrx_word' id='word_1_216' title='bbox 421 3601 481 3673; x_wconf 87' lang='lat' dir='ltr'><strong>ch</strong></span> <span class='ocrx_word' id='word_1_217' title='bbox 568 3601 627 3658; x_wconf 89' lang='grc'><strong>639</strong></span> <span class='ocrx_word' id='word_1_218' title='bbox 650 3601 740 3673; x_wconf 89' lang='lat' dir='ltr'><strong>turpia</strong></span> <span class='ocrx_word' id='word_1_219' title='bbox 762 3593 849 3656; x_wconf 76' lang='lat' dir='ltr'><strong>P²rrri</strong></span> <span class='ocrx_word' id='word_1_220' title='bbox 922 3599 983 3657; x_wconf 90' lang='grc'><strong>640</strong></span> <span class='ocrx_word' id='word_1_221' title='bbox 1006 3599 1123 3655; x_wconf 86' lang='lat' dir='ltr'><strong>Occullis</strong></span> <span class='ocrx_word' id='word_1_222' title='bbox 1143 3595 1205 3668; x_wconf 84' lang='lat' dir='ltr'><strong>(sed</strong></span> <span class='ocrx_word' id='word_1_223' title='bbox 1223 3601 1308 3666; x_wconf 81' lang='lat' dir='ltr'><strong>prior</strong></span> 
     </span>
     <span class='ocr_line' id='line_1_31' title="bbox 168 3672 1307 3763; baseline -0.002 -24"><span class='ocrx_word' id='word_1_224' title='bbox 168 3683 286 3757; x_wconf 83' lang='lat' dir='ltr'><strong>leros.)</strong></span> <span class='ocrx_word' id='word_1_225' title='bbox 308 3686 335 3741; x_wconf 92' lang='lat' dir='ltr'><em>P</em></span> <span class='ocrx_word' id='word_1_226' title='bbox 355 3684 455 3740; x_wconf 81' lang='lat' dir='ltr'><strong>Attulis</strong></span> <span class='ocrx_word' id='word_1_227' title='bbox 474 3701 497 3738; x_wconf 82' lang='lat' dir='ltr'><strong>rc</strong></span> <span class='ocrx_word' id='word_1_228' title='bbox 517 3676 530 3762; x_wconf 68' lang='grc' dir='ltr'>Η</span> <span class='ocrx_word' id='word_1_229' title='bbox 554 3685 618 3740; x_wconf 92' lang='lat' dir='ltr'><strong>hant</strong></span> <span class='ocrx_word' id='word_1_230' title='bbox 640 3678 812 3763; x_wconf 66' lang='lat' dir='ltr'><strong>rcc²1icerte</strong></span> <span class='ocrx_word' id='word_1_231' title='bbox 834 3683 895 3756; x_wconf 82' lang='lat' dir='ltr'><strong>Bfe</strong></span> <span class='ocrx_word' id='word_1_232' title='bbox 1010 3682 1068 3740; x_wconf 90' lang='grc'><strong>641</strong></span> <span class='ocrx_word' id='word_1_233' title='bbox 1092 3680 1220 3736; x_wconf 84' lang='lat' dir='ltr'><strong>Cominus</strong></span> <span class='ocrx_word' id='word_1_234' title='bbox 1239 3677 1284 3737; x_wconf 77' lang='grc'><strong>333</strong></span> <span class='ocrx_word' id='word_1_235' title='bbox 1299 3672 1307 3759; x_wconf 71' lang='grc' dir='ltr'>Η</span> 
     </span>
     <span class='ocr_line' id='line_1_32' title="bbox 165 3759 1306 3844; baseline -0.001 -20"><span class='ocrx_word' id='word_1_236' title='bbox 165 3769 262 3824; x_wconf 88' lang='lat' dir='ltr'><strong>cirrhci</strong></span> <span class='ocrx_word' id='word_1_237' title='bbox 277 3770 305 3824; x_wconf 90' lang='lat' dir='ltr'><em>P</em></span> <span class='ocrx_word' id='word_1_238' title='bbox 324 3770 403 3824; x_wconf 90' lang='lat' dir='ltr'><strong>cirrei</strong></span> <span class='ocrx_word' id='word_1_239' title='bbox 419 3769 497 3840; x_wconf 85' lang='lat' dir='ltr'><strong>Brfc</strong></span> <span class='ocrx_word' id='word_1_240' title='bbox 568 3767 628 3825; x_wconf 80' lang='grc'><strong>642</strong></span> <span class='ocrx_word' id='word_1_241' title='bbox 651 3763 720 3844; x_wconf 85' lang='lat' dir='ltr'><strong>iras]</strong></span> <span class='ocrx_word' id='word_1_242' title='bbox 744 3769 851 3824; x_wconf 87' lang='lat' dir='ltr'><strong>aurasc</strong></span> <span class='ocrx_word' id='word_1_243' title='bbox 923 3766 983 3824; x_wconf 88' lang='grc'><strong>643</strong></span> <span class='ocrx_word' id='word_1_244' title='bbox 1005 3759 1079 3840; x_wconf 89' lang='lat' dir='ltr'><strong>Non]</strong></span> <span class='ocrx_word' id='word_1_245' title='bbox 1103 3764 1158 3820; x_wconf 86' lang='lat' dir='ltr'><strong>Nec</strong></span> <span class='ocrx_word' id='word_1_246' title='bbox 1189 3765 1306 3836; x_wconf 86' lang='lat' dir='ltr'><strong>Venett.,</strong></span> 
     </span>
     <span class='ocr_line' id='line_1_33' title="bbox 164 3842 1189 3931; baseline -0.005 -23"><span class='ocrx_word' id='word_1_247' title='bbox 164 3854 247 3910; x_wconf 73' lang='lat' dir='ltr'><em>Aldu.</em></span> <span class='ocrx_word' id='word_1_248' title='bbox 270 3842 285 3931; x_wconf 71' lang='lat' dir='ltr'>ss</span> <span class='ocrx_word' id='word_1_249' title='bbox 306 3852 430 3926; x_wconf 78' lang='lat' dir='ltr'><strong>tymbree</strong></span> <span class='ocrx_word' id='word_1_250' title='bbox 451 3854 478 3907; x_wconf 91' lang='lat' dir='ltr'><strong><em>P</em></strong></span> <span class='ocrx_word' id='word_1_251' title='bbox 498 3851 620 3926; x_wconf 83' lang='lat' dir='ltr'><strong>tymbree</strong></span> <span class='ocrx_word' id='word_1_252' title='bbox 643 3870 659 3908; x_wconf 92' lang='grc'><strong>3</strong></span> <span class='ocrx_word' id='word_1_253' title='bbox 681 3852 803 3927; x_wconf 85' lang='lat' dir='ltr'><strong>tymbree</strong></span> <span class='ocrx_word' id='word_1_254' title='bbox 823 3852 845 3925; x_wconf 82' lang='lat' dir='ltr'><em>f</em></span> <span class='ocrx_word' id='word_1_255' title='bbox 947 3850 1007 3908; x_wconf 91' lang='grc'><strong>645</strong></span> <span class='ocrx_word' id='word_1_256' title='bbox 1031 3849 1095 3905; x_wconf 87' lang='lat' dir='ltr'><strong>cede</strong></span> <span class='ocrx_word' id='word_1_257' title='bbox 1117 3849 1189 3904; x_wconf 89' lang='lat' dir='ltr'><strong>PBc</strong></span> 
     </span>
     <span class='ocr_line' id='line_1_34' title="bbox 165 3926 1235 4016; baseline -0.005 -22"><span class='ocrx_word' id='word_1_258' title='bbox 165 3936 224 3994; x_wconf 91' lang='grc'><strong>646</strong></span> <span class='ocrx_word' id='word_1_259' title='bbox 248 3930 338 3992; x_wconf 89' lang='lat' dir='ltr'><strong>Phebe</strong></span> <span class='ocrx_word' id='word_1_260' title='bbox 362 3929 405 4016; x_wconf 72' lang='grc'><strong>311</strong></span> <span class='ocrx_word' id='word_1_261' title='bbox 421 3931 515 4014; x_wconf 89' lang='lat' dir='ltr'><strong>quem]</strong></span> <span class='ocrx_word' id='word_1_262' title='bbox 541 3936 604 4009; x_wconf 88' lang='lat' dir='ltr'><strong>quid</strong></span> <span class='ocrx_word' id='word_1_263' title='bbox 627 3933 646 3991; x_wconf 82' lang='grc'><strong>6</strong></span> <span class='ocrx_word' id='word_1_264' title='bbox 717 3936 776 3995; x_wconf 83' lang='grc'><strong>647</strong></span> <span class='ocrx_word' id='word_1_265' title='bbox 800 3936 920 3992; x_wconf 89' lang='lat' dir='ltr'><strong>sualente</strong></span> <span class='ocrx_word' id='word_1_266' title='bbox 940 3928 969 4008; x_wconf 81' lang='lat' dir='ltr'><strong>f¹</strong></span> <span class='ocrx_word' id='word_1_267' title='bbox 988 3926 1001 4013; x_wconf 83' lang='grc' dir='ltr'><strong>ΙΙ</strong></span> <span class='ocrx_word' id='word_1_268' title='bbox 1017 3949 1096 4008; x_wconf 90' lang='lat' dir='ltr'><strong>quem</strong></span> <span class='ocrx_word' id='word_1_269' title='bbox 1118 3934 1195 4007; x_wconf 88' lang='lat' dir='ltr'><strong>nigra</strong></span> <span class='ocrx_word' id='word_1_270' title='bbox 1217 3954 1235 4010; x_wconf 77' lang='grc' dir='ltr'><em>γ</em></span> 
     </span>
     <span class='ocr_line' id='line_1_35' title="bbox 164 4019 1306 4095; baseline -0.004 -16"><span class='ocrx_word' id='word_1_271' title='bbox 164 4020 225 4079; x_wconf 89' lang='grc'><strong>648</strong></span> <span class='ocrx_word' id='word_1_272' title='bbox 250 4019 345 4087; x_wconf 79' lang='lat' dir='ltr'><strong>Queris</strong></span> <span class='ocrx_word' id='word_1_273' title='bbox 361 4021 396 4093; x_wconf 87' lang='lat' dir='ltr'><strong>fc</strong></span> <span class='ocrx_word' id='word_1_274' title='bbox 497 4020 557 4079; x_wconf 84' lang='grc'><strong>649</strong></span> <span class='ocrx_word' id='word_1_275' title='bbox 581 4019 640 4077; x_wconf 92' lang='lat' dir='ltr'><strong>orbi</strong></span> <span class='ocrx_word' id='word_1_276' title='bbox 654 4021 759 4095; x_wconf 80' lang='lat' dir='ltr'><strong>PBrfc</strong></span> <span class='ocrx_word' id='word_1_277' title='bbox 783 4022 882 4090; x_wconf 63' lang='lat' dir='ltr'><strong>Toum,</strong></span> <span class='ocrx_word' id='word_1_278' title='bbox 907 4020 990 4090; x_wconf 77' lang='lat' dir='ltr'><strong>Boiu,</strong></span> <span class='ocrx_word' id='word_1_279' title='bbox 1014 4019 1222 4093; x_wconf 79' lang='lat' dir='ltr'><strong>Lindenbropr&#39;i</strong></span> <span class='ocrx_word' id='word_1_280' title='bbox 1241 4037 1306 4077; x_wconf 83' lang='lat' dir='ltr'><strong>mss.</strong></span> 
     </span>
     <span class='ocr_line' id='line_1_36' title="bbox 164 4103 1354 4178; baseline 0 -18"><span class='ocrx_word' id='word_1_281' title='bbox 164 4104 238 4161; x_wconf 91' lang='lat' dir='ltr'><strong>orbis</strong></span> <span class='ocrx_word' id='word_1_282' title='bbox 255 4122 304 4176; x_wconf 85' lang='lat' dir='ltr'><strong>pm</strong></span> <span class='ocrx_word' id='word_1_283' title='bbox 333 4104 398 4160; x_wconf 88' lang='lat' dir='ltr'><strong>orbe</strong></span> <span class='ocrx_word' id='word_1_284' title='bbox 421 4108 482 4163; x_wconf 82' lang='lat' dir='ltr'><strong>cod.</strong></span> <span class='ocrx_word' id='word_1_285' title='bbox 507 4110 643 4178; x_wconf 76' lang='lat' dir='ltr'><strong>anonymi</strong></span> <span class='ocrx_word' id='word_1_286' title='bbox 669 4110 698 4162; x_wconf 83' lang='lat' dir='ltr'><strong>sn</strong></span> <span class='ocrx_word' id='word_1_287' title='bbox 720 4108 878 4163; x_wconf 77' lang='lat' dir='ltr'><strong>miscellan.</strong></span> <span class='ocrx_word' id='word_1_288' title='bbox 904 4105 976 4160; x_wconf 82' lang='lat' dir='ltr'><strong>obss.</strong></span> <span class='ocrx_word' id='word_1_289' title='bbox 1000 4103 1011 4158; x_wconf 97' lang='lat' dir='ltr'><strong>l</strong></span> <span class='ocrx_word' id='word_1_290' title='bbox 1034 4108 1098 4161; x_wconf 80' lang='lat' dir='ltr'><strong>tom.</strong></span> <span class='ocrx_word' id='word_1_291' title='bbox 1122 4104 1137 4159; x_wconf 92' lang='lat'>1</span> <span class='ocrx_word' id='word_1_292' title='bbox 1163 4103 1241 4158; x_wconf 88' lang='lat' dir='ltr'><strong>‘ollis</strong></span> <span class='ocrx_word' id='word_1_293' title='bbox 1257 4111 1308 4160; x_wconf 73' lang='lat' dir='ltr'><strong>aaut</strong></span> <span class='ocrx_word' id='word_1_294' title='bbox 1352 4162 1354 4166; x_wconf 78' lang='grc'>,</span> 
     </span>
     <span class='ocr_line' id='line_1_37' title="bbox 162 4188 1309 4264; baseline -0.002 -19"><span class='ocrx_word' id='word_1_295' title='bbox 162 4193 193 4245; x_wconf 82' lang='lat' dir='ltr'><strong>in</strong></span> <span class='ocrx_word' id='word_1_296' title='bbox 215 4208 242 4245; x_wconf 90' lang='lat' dir='ltr'><strong>o.</strong></span> <span class='ocrx_word' id='word_1_297' title='bbox 267 4188 329 4247; x_wconf 84' lang='grc'><strong>650</strong></span> <span class='ocrx_word' id='word_1_298' title='bbox 351 4190 491 4264; x_wconf 88' lang='lat' dir='ltr'><strong>morsque’</strong></span> <span class='ocrx_word' id='word_1_299' title='bbox 515 4189 700 4246; x_wconf 80' lang='lat' dir='ltr'><strong>Schraderus</strong></span> <span class='ocrx_word' id='word_1_300' title='bbox 765 4189 827 4247; x_wconf 89' lang='grc'><strong>650</strong></span> <span class='ocrx_word' id='word_1_301' title='bbox 841 4204 969 4261; x_wconf 91' lang='lat' dir='ltr'><strong>morsque</strong></span> <span class='ocrx_word' id='word_1_302' title='bbox 984 4189 1191 4245; x_wconf 79' lang='lat' dir='ltr'><strong>Lachmannus</strong></span> <span class='ocrx_word' id='word_1_303' title='bbox 1212 4194 1309 4261; x_wconf 89' lang='lat' dir='ltr'><strong>totque</strong></span> 
     </span>
     <span class='ocr_line' id='line_1_38' title="bbox 163 4266 1308 4352; baseline -0.003 -22"><span class='ocrx_word' id='word_1_304' title='bbox 163 4274 295 4330; x_wconf 83' lang='lat' dir='ltr'><strong>Kocbtus</strong></span> <span class='ocrx_word' id='word_1_305' title='bbox 321 4271 493 4345; x_wconf 77' lang='lat' dir='ltr'><strong>(coniectore.</strong></span> <span class='ocrx_word' id='word_1_306' title='bbox 521 4275 593 4346; x_wconf 84' lang='lat' dir='ltr'><strong>Hp.</strong></span> <span class='ocrx_word' id='word_1_307' title='bbox 619 4273 648 4346; x_wconf 87' lang='grc'><strong>5)</strong></span> <span class='ocrx_word' id='word_1_308' title='bbox 664 4266 678 4352; x_wconf 76' lang='grc' dir='ltr'>Η</span> <span class='ocrx_word' id='word_1_309' title='bbox 693 4276 766 4330; x_wconf 89' lang='lat' dir='ltr'><strong>caelo</strong></span> <span class='ocrx_word' id='word_1_310' title='bbox 790 4275 829 4330; x_wconf 90' lang='lat' dir='ltr'><strong>est</strong></span> <span class='ocrx_word' id='word_1_311' title='bbox 856 4273 941 4344; x_wconf 85' lang='lat' dir='ltr'><strong>Pfcm</strong></span> <span class='ocrx_word' id='word_1_312' title='bbox 969 4274 1044 4328; x_wconf 86' lang='lat' dir='ltr'><strong>caelo</strong></span> <span class='ocrx_word' id='word_1_313' title='bbox 1073 4267 1178 4346; x_wconf 73' lang='lat' dir='ltr'><strong>Bruyri</strong></span> <span class='ocrx_word' id='word_1_314' title='bbox 1206 4272 1308 4328; x_wconf 88' lang='lat' dir='ltr'><strong>caelost</strong></span> 
     </span>
     <span class='ocr_line' id='line_1_39' title="bbox 163 4349 1307 4435; baseline -0.004 -21"><span class='ocrx_word' id='word_1_315' title='bbox 163 4360 273 4429; x_wconf 79' lang='lat' dir='ltr'><strong>scripsi</strong></span> <span class='ocrx_word' id='word_1_316' title='bbox 357 4358 416 4415; x_wconf 88' lang='grc'><strong>651</strong></span> <span class='ocrx_word' id='word_1_317' title='bbox 441 4352 544 4435; x_wconf 84' lang='lat' dir='ltr'><strong>divum]</strong></span> <span class='ocrx_word' id='word_1_318' title='bbox 569 4358 667 4428; x_wconf 82' lang='lat' dir='ltr'><strong>diueo</strong></span> <span class='ocrx_word' id='word_1_319' title='bbox 753 4358 814 4416; x_wconf 82' lang='grc'><strong>652</strong></span> <span class='ocrx_word' id='word_1_320' title='bbox 837 4355 991 4431; x_wconf 82' lang='lat' dir='ltr'><strong>prestabant</strong></span> <span class='ocrx_word' id='word_1_321' title='bbox 1011 4357 1033 4430; x_wconf 76' lang='lat' dir='ltr'><strong>s</strong></span> <span class='ocrx_word' id='word_1_322' title='bbox 1050 4353 1195 4430; x_wconf 82' lang='lat' dir='ltr'><strong>praestabit</strong></span> <span class='ocrx_word' id='word_1_323' title='bbox 1206 4349 1307 4430; x_wconf 76' lang='lat' dir='ltr'><strong>prip¹m</strong></span> 
     </span>
    </p>
   </div>
   <div class='ocr_carea' id='block_1_9' title="bbox 0 0 1485 4942">
    <p class='ocr_par' dir='ltr' id='par_1_11' title="bbox 0 0 1485 4942">
     <span class='ocr_line' id='line_1_40' title="bbox 0 0 1485 4942; baseline 0 0"><span class='ocrx_word' id='word_1_324' title='bbox 0 0 1485 4942; x_wconf 95' lang='lat' dir='ltr'><strong> </strong></span> 
     </span>
    </p>
   </div>
  </div>
 </body>
</html>
