2948 4942
651 351 846 400 PRAEFATIO

281 559 289 572 .
378 513 523 572 editiones
545 510 678 570 Venetae
808 562 810 565 .

256 677 263 690 .
352 668 356 674 -
380 631 525 690 editiones
547 630 673 689 Aldinae
1031 706 1034 713 ι

378 749 466 813 lectio
497 749 545 808 vel
581 749 668 807 unius
704 748 773 806 libri
808 749 917 824 peioris
954 751 1041 809 notae
1074 749 1122 808 vel
1153 768 1312 824 paucorum

377 869 427 927 vel
468 868 586 928 silentio
625 869 787 942 propagata
823 886 839 924 a
874 867 1023 941 prioribus
1059 867 1095 925 ad
1136 868 1313 927 recentiores
1352 928 1354 944 Ι

378 985 523 1044 editiones

259 1099 388 1182 Libros,
418 1099 472 1181 qui
493 1097 590 1162 nullis
613 1097 769 1162 scribendi
798 1098 992 1182 compendiis
1014 1099 1049 1163 in
1070 1099 1156 1163 varia
1177 1099 1313 1191 lectione

173 1218 359 1302 signanum,
381 1237 449 1280 non
470 1236 550 1300 opus
573 1218 621 1280 est
636 1237 835 1301 enumerare,
857 1238 959 1301 neque
981 1239 1129 1283 excusare
1152 1214 1232 1301 opus'
1253 1222 1311 1302 est,

91 1403 100 1423 δ
173 1336 260 1420 quod
282 1335 406 1400 Barthii
433 1334 613 1418 mendacia,
643 1335 756 1418 quibus
786 1356 895 1399 omnes
924 1335 1053 1419 fefellit,
1081 1339 1113 1400 et
1139 1336 1191 1401 hic
1221 1338 1313 1401 etin

173 1456 281 1520 variae
304 1453 450 1518 lectionis
472 1474 603 1537 corpore
619 1453 748 1543 silentio
762 1453 991 1538 praetermitto,
1025 1458 1058 1518 at
1071 1455 1146 1519 nolo
1166 1455 1311 1520 hocloco

170 1578 280 1640 tacere
296 1572 434 1637 Bentleii
456 1571 494 1636 de
517 1571 656 1636 editione
670 1572 797 1656 merita,
821 1573 909 1637 cuius
924 1573 1068 1659 egregias
1092 1574 1311 1658 correctiones,
1375 1583 1377 1596 '

171 1715 238 1756 una
266 1713 337 1756 cum
358 1691 445 1754 varia
474 1690 617 1755 codicum
643 1683 779 1756 lectione
806 1692 839 1754 in
868 1692 1064 1777 marginibus
1093 1693 1229 1777 exempli
1252 1691 1312 1757 Ge·
1444 1757 1446 1762 .

171 1810 312 1874 vartiani
343 1808 504 1894 (Lugduni
532 1808 725 1874 Batavorum
755 1809 848 1896 1616)
879 1811 979 1894 ipsius
1006 1833 1108 1887 manu
1134 1811 1310 1896 adnotatas,

170 1928 326 2012 plurimas
360 1927 393 1990 in
425 1930 547 1991 textum
577 1929 716 2013 recipere
748 1949 815 1993 non
849 1929 1006 2012 dubitavi,
1044 1929 1121 1994 item
1152 1929 1311 1994 ‚Iohannis

171 2046 361 2130 Schraderi,
388 2045 476 2110 cuius
502 2046 737 2111 emendationes
764 2048 896 2112 selectas
916 2047 1077 2132 Hauptius
1103 2048 1151 2112 vir
1177 2048 1310 2112 clarissi-

170 2187 245 2230 mus
288 2165 426 2250 primum
462 2165 638 2249 publicavit
677 2165 712 2229 in
757 2166 836 2230 actis
881 2165 1060 2231 academiae
1082 2159 1311 2231 'Berolinensis

169 2304 283 2348 mense
319 2281 490 2347 Decembri
525 2284 601 2348 anni
635 2283 729 2349 1861.
785 2261 950 2369 praeterea
984 2286 1125 2368 quamvis
1162 2285 1310 2370 exiguum

170 2404 322 2486 suscepto
356 2403 444 2486 operi
478 2402 653 2468 subsidium
682 2402 827 2467 adiunxit
862 2403 1055 2468 bibliotheca
1092 2404 1182 2488 regia
1214 2402 1310 2467 Bero-

169 2520 322 2605 lincnsis3
355 2543 430 2584 usus
457 2522 542 2585 enim
568 2542 655 2605 sum,
689 2543 768 2604 quae
800 2522 845 2585 ibi
876 2522 1083 2588 adservantur
1115 2544 1153 2587 ex
1179 2521 1310 2587 Senteni

167 2642 295 2725 legato,
324 2639 479 2723 excerptis
507 2639 633 2705 Nicolai
660 2636 786 2704 Heinsii
815 2628 997 2725 (ma.JDiez.
1022 2640 1060 2706 B.
1084 2640 1249 2724 sanuel)
1279 2643 1311 2705 01

168 2758 445 2823 emendationibus
467 2759 601 2823 Joannis
623 2758 789 2842 Peyraredi
813 2759 940 2823 ineditis
964 2758 1140 2845 (11111101.
1164 2758 1202 2823 B.
1220 2759 1308 2824 Sant.

170 2868 251 2960 117)
307 2880 343 2941 11
363 2877 464 2941 multo
486 2878 639 2942 maiorem
661 2881 693 2942 et
721 2877 963 2942 luculentiorem
984 2879 1122 2942 fructum
1143 2878 1183 2942 ad
1207 2879 1310 2942 nostri

168 3017 298 3080 quoque
319 2996 438 3060 laboris
453 2997 591 3080 aliquam
612 2996 736 3060 laudem
752 2997 898 3063 existimo
920 2997 1096 3062 redundare
1111 2997 1150 3061 de
1165 2997 1308 3081 exemplo

168 3113 1309 3210 quodameditionisBipontinae,quodhodieservaturBeroliniinappa-

167 3235 244 3296 ratu
254 3231 493 3317 archaeologico
508 3234 724 3299 universitatis
746 3235 926 3299 litterariae.
955 3236 1047 3299 istius
1065 3235 1138 3299 libri
1149 3234 1308 3319 margines

168 3351 268 3414 variis
281 3351 477 3435 temporibus
484 3352 632 3435 varioque
646 3353 719 3417 ¹stilo
727 3354 837 3418 eadem
850 3353 1208 3438 praetexitmanushaut
1212 3375 1309 3437 parva

166 3473 320 3534 notarum
341 3470 658 3554 emendationumque
680 3471 782 3556 copia.
824 3494 903 3555 quae
926 3473 1014 3537 cuius
1035 3473 1095 3536 viri
1116 3472 1155 3535 ab
1178 3472 1307 3557 ingenio

167 3588 361 3672 manaverit,
390 3589 512 3653 indicat
533 3589 644 3654 titulus
666 3591 817 3674 inprime
839 3591 911 3655 libri
932 3591 1062 3676 plagula
1083 3591 1218 3674 scriptus
1240 3590 1307 3655 hic:

168 3706 243 3772 Car.
253 3705 437 3793 Lachmann
448 3706 625 3791 Brunsvio,
640 3708 812 3794 Gottingae
824 3731 853 3773 a.
867 3709 895 3773 d.
906 3708 953 3774 XI
963 3732 1005 3774 m.
1016 3698 1092 3774 dun.
1102 3707 1306 3774 MDOOCXI.

167 3828 204 3890 et
219 3824 284 3888 nisi
298 3826 409 3890 titulus
422 3829 516 3910 atque
527 3849 638 3891 manus
650 3830 810 3892 auctorem
825 3831 1031 3912 monstraret,
1047 3849 1307 3914 cognosceremus

166 3943 251 4027 ipsis
280 3942 548 4009 adnotationibus.
593 3949 659 4011 tam
687 3949 761 4010 sunt
788 3946 1038 4032 dignae¹divina
1064 3947 1203 4011 hominis
1231 3947 1307 4012 divi·

163 4063 300 4128 natione
321 4063 493 4147 plurimae,
515 4086 705 4148 quamquam
726 4061 850 4148 partem
873 4065 912 4129 ab
934 4065 1046 4130 iuvene
1062 4066 1213 4152 scriptam
1237 4088 1307 4131 esse

165 4184 312 4263 constat3
341 4184 527 4267 tantumque
549 4183 638 4251 abest
664 4186 702 4261 ut
727 4187 881 4268 metuam,
908 4207 948 4250 ne
975 4185 1072 4269 impie
1094 4191 1126 4250 et
1153 4185 1306 4268 intempe-

163 4303 279 4365 ranter
301 4321 360 4386 ego
387 4301 499 4367 fecisse
522 4326 649 4389 arguar,
680 4305 763 4387 quod
791 4325 901 4368 omnes
923 4304 988 4368 fere
1016 4304 1144 4388 depinxi
1166 4303 1305 4388 (omissis
1348 4320 1351 4331 ·
1416 4363 1418 4367 .
