2948 4942
525 357 614 400 STATI
636 358 811 400 THEBAIDOS
833 360 853 401 V

207 480 364 572 desumusi
387 527 456 570 ecce
478 509 571 569 rates!
595 507 666 568 deus
689 509 756 577 hos,
780 509 853 569 deus
875 508 952 569 ultor
974 509 1003 568 in
1026 509 1084 567 iras

205 621 340 701 adportat
362 621 531 699 coeptisque
553 619 639 678 lavet.
684 636 738 677 nec
760 619 856 695 imago
879 620 985 697 quietis

205 752 275 792 vana
300 749 404 791 meaez.
423 730 501 790 nudo
525 727 619 789 stabat
641 730 738 788 Venus
761 746 831 787 ense
854 728 946 788 videri
1192 732 1250 790 135

205 841 282 902 clara
305 840 376 900 mihi
399 857 575 916 somnosque
597 857 686 917 super
710 838 794 917 ‘quid
816 837 940 917 perditis
963 836 1098 899 aevum‘t’

204 953 298 1030 inquit
320 959 389 1029 ‘age
412 951 522 1010 aversis
546 947 687 1009 thalamos
708 955 832 1027 purgate
854 950 976 1009 maritis.
1055 986 1057 990 -

203 1064 267 1141 ipsa
290 1062 368 1122 laces
391 1059 461 1121 allas
484 1058 664 1137 melioraque
688 1059 805 1119 foedera
829 1059 973 1136 iungam’

205 1171 291 1240 dixit,
315 1178 345 1231 et
365 1171 422 1230 hoc
444 1171 557 1230 serrum
579 1170 695 1238 stratu,
719 1168 792 1236 hoc,
816 1168 940 1245 credite,
965 1152 1077 1251 serrum

204 1282 352 1360 imposuit.
398 1282 468 1359 quin
492 1299 509 1340 o
534 1281 672 1347 miserae,
697 1279 765 1338 dum
789 1286 904 1357 tempus
927 1280 973 1356 agi
994 1297 1074 1348 rem,
1191 1282 1251 1340 140

204 1391 363 1459 consulite;
388 1409 424 1451 en
446 1389 549 1464 validis
572 1397 708 1468 spumant
732 1407 832 1449 eversa
854 1387 972 1449 lacertis

196 1495 344 1584 aequora,
369 1499 532 1561 Bistonides
554 1500 674 1559 veniunt
695 1500 820 1559 tortasse
842 1497 992 1559 maritae.''

244 1611 319 1671 Hinc
341 1608 450 1672 stimuli
472 1612 620 1689 ingentes,
644 1627 827 1690 magnusque
849 1608 1013 1671 advolvitur
1035 1611 1120 1668 astris

203 1721 321 1782 clamor.
366 1722 522 1782 Amazonio
546 1721 694 1799 Scythiam
717 1721 831 1780 fervere
854 1719 979 1781 tumultu

122 1891 321 1900 ..----.-..

117 2015 243 2055 mustus.
267 2013 436 2055 Aucuonus.
461 2012 660 2054 IMITATORES.

152 2113 157 2119 “
185 2105 233 2154 134
245 2117 285 2167 sq,
305 2103 340 2152 cf.
353 2103 448 2153 Horat.
463 2118 486 2151 c.
498 2102 541 2151 III
553 2105 593 2164 27,
606 2103 639 2151 40
657 2117 692 2150 an
710 2101 787 2151 vitiis
806 2105 943 2150 carentem
963 2100 1032 2151 ludit
1050 2101 1140 2166 imago
1158 2117 1247 2165 vana3

116 2171 262 2221 Claudian.
281 2171 310 2219 in
327 2171 365 2219 Vl
384 2185 458 2221 cons,
476 2171 547 2221 Hon.
568 2169 652 2234 praef.
672 2185 696 2218 v.
709 2171 741 2219 20
754 2184 793 2233 sq.
818 2168 930 2218 additur
947 2184 1011 2218 ecce
1029 2169 1108 2232 fides,
1133 2186 1184 2218 uec
1203 2187 1244 2220 me

115 2255 176 2289 mea
198 2238 265 2288 lusit
285 2239 390 2302 imago,
413 2239 492 2287 irrita
510 2252 559 2285 nec
578 2237 678 2286 falsum
697 2238 800 2286 somnia
823 2237 897 2287 misit
915 2238 994 2298 ebur3
1020 2240 1100 2302 Verg.
1119 2237 1184 2285 Aen.
1203 2238 1245 2286 Ill

87 2325 92 2332 ·
115 2310 165 2357 173
183 2322 223 2370 sq.
247 2321 296 2355 nec
315 2321 395 2369 sopor
418 2305 486 2354 illud
508 2309 579 2362 erat,
603 2311 645 2355 set
668 2320 758 2354 coram
777 2304 946 2368 adgnoscere
969 2305 1060 2356 voltus
1085 2305 1245 2369 velatasque

116 2391 207 2424 comas
225 2375 438 2438 praesentiaque
457 2389 504 2422 ora
516 2372 641 2433 uidebar3
662 2372 698 2421 id.
717 2373 782 2422 ibid.
795 2375 819 2423 V
832 2374 881 2422 636
895 2388 953 2437 sqq.
973 2389 1034 2422 nam
1053 2372 1246 2423 mihiCassan-

115 2442 181 2492 drae
199 2458 249 2506 per
267 2457 387 2492 somnum
403 2443 475 2491 vatis
493 2442 583 2505 imago
602 2440 726 2489 ardentis
739 2440 803 2489 dare
823 2442 883 2491 visa
902 2441 978 2490 faces
1048 2443 1096 2490 140
1115 2441 1150 2489 cf.
1163 2443 1245 2506 Verg.

112 2512 182 2562 Aen.
202 2511 286 2560 V638
304 2511 357 2558 iam
375 2513 481 2573 tempus
501 2510 546 2573 agi
564 2524 620 2570 res;
641 2508 783 2560 Claudian.
803 2512 873 2572 rapt.
892 2509 967 2562 Pros,
980 2510 994 2558 I
1007 2511 1057 2558 220
1075 2525 1130 2557 rem
1151 2511 1246 2573 peragi

112 2583 219 2641 tempus
289 2579 336 2626 144
346 2593 385 2641 sq.
405 2577 441 2626 cf.
455 2578 537 2641 Verg,
550 2577 616 2627 Aen.
635 2575 709 2625 1490
726 2575 920 2625 Amazonidum
939 2576 1041 2626 lunatis
1060 2578 1170 2642 agmina
1189 2577 1245 2641 pel-

113 2646 165 2703 tis;
188 2645 225 2696 id.
243 2645 309 2694 ibid.
328 2645 367 2694 XI
385 2647 434 2695 662
453 2660 493 2708 sq.
518 2659 669 2708 magnoque
693 2643 816 2692 ululante
840 2643 958 2694 tumultu
981 2644 1099 2694 feminea
1123 2645 1247 2693 exultant

118 2713 222 2763 lunatis
241 2713 350 2778 agmina
368 2711 450 2777 peltis

111 2989 209 3033 VARIA
230 2987 354 3029 Luoulo.

180 3083 238 3140 133
267 3082 334 3136 deul
353 3082 403 3136 hol
423 3080 489 3136 deul
509 3079 571 3136 BM
625 3080 691 3136 heul
711 3079 761 3135 lrol
781 3078 892 3136 deulP
948 3079 995 3136 hal
1014 3080 1064 3136 lrol
1085 3079 1151 3136 deul
1164 3101 1187 3154 p

112 3168 181 3224 (leui
199 3169 246 3223 hal
265 3167 418 3238 deussene.
449 3166 489 3237 cf.
510 3166 594 3221 Theb.
610 3165 642 3219 lll
659 3165 718 3223 643
733 3182 775 3239 sq.
843 3164 902 3221 134
925 3166 1057 3239 Apportat
1079 3158 1133 3245 inl}
1151 3169 1245 3240 ceptis-

112 3253 207 3328 quef
273 3250 332 3308 135
356 3251 396 3323 cs.
423 3251 507 3306 Their.
531 3250 552 3303 ll
576 3249 615 3307 94
637 3268 678 3323 sq.
753 3250 811 3307 136
834 3251 981 3324 somnoque
1003 3251 1030 3306 P
1092 3249 1202 3323 ldrrrolq.
1227 3248 1245 3306 d

176 3352 340 3410 somnosque
355 3329 450 3411 super]
470 3335 507 3391 ‘id
521 3343 577 3390 est:
593 3339 703 3391 veriore
719 3343 745 3391 et
760 3335 931 3408 efficaciore
945 3339 1041 3406 specie
1056 3354 1140 3408 quom
1156 3341 1246 3392 somni

111 3425 203 3480 solent
224 3421 385 3479 ostendere'
417 3421 553 3477 Weberus
595 3422 645 3494 lup
667 3420 730 3494 quid
752 3420 835 3495 pditil
855 3422 882 3476 B
903 3414 916 3499 [Ι
938 3421 1058 3493 euumf
1118 3421 1244 3476 13711-

111 3508 177 3582 quid
192 3508 218 3563 P
231 3499 245 3586 ll
260 3506 376 3570 aducrlil
389 3525 441 3562 rm.
461 3507 562 3578 folium
577 3504 617 3562 43
632 3507 700 3561 libri
712 3507 746 3576 B,
763 3507 839 3578 quod
853 3507 1050 3577 complectitur
1066 3521 1166 3562 uersus
1185 3505 1244 3563 140

115 3592 236 3655 -219,
265 3594 323 3646 ulia
345 3609 431 3647 manu
460 3578 653 3661 conscriptum
676 3597 717 3646 est
797 3589 856 3646 140
884 3591 1004 3663 lnpolult
1026 3592 1053 3646 P
1078 3583 1091 3669 ss
1121 3592 1163 3664 agi
1187 3608 1243 3646 rem

112 3679 251 3734 Heinsius
278 3677 317 3731 ud
338 3676 436 3732 Claud.
461 3682 538 3747 rapt.
561 3676 645 3732 Pros.
668 3676 678 3731 l
701 3675 762 3732 220
789 3681 815 3730 et
837 3677 983 3732 Lucienus
1005 3677 1128 3732 Mueller
1155 3678 1189 3732 de
1212 3693 1244 3731 re

111 3767 232 3820 metrica
247 3779 275 3833 p.
294 3760 352 3815 221
418 3762 473 3834 agit
495 3777 551 3815 corn
574 3754 650 3837 (ages
664 3761 696 3816 rii
708 3759 737 3833 s)
759 3760 845 3815 PBM
858 3763 936 3832 edd,
960 3779 1014 3833 quo
1037 3763 1158 3818 nueoulo
1180 3764 1242 3817 item

111 3850 251 3920 affectum
266 3848 329 3902 olim
342 3845 437 3918 fuisse
451 3848 557 3902 dictum
572 3849 660 3902 sinite
683 3846 874 3918 Verpilionum
889 3845 969 3918 (Acri.
985 3845 1006 3899 V
1022 3845 1092 3918 038)
1109 3850 1187 3901 testis
1203 3853 1243 3901 est

112 3935 206 3989 codex
221 3933 381 4000 Romanus,
405 3932 480 3986 unde
495 3932 575 3986 houd
594 3935 653 3987 scio
676 3948 713 3986 on
727 3945 867 4001 peruersa
890 3945 952 3986 euni
974 3931 1139 3986 scholastici
1160 3932 1242 3987 sedu-

109 4021 190 4074 litate
211 4020 240 4072 in
255 4018 344 4072 libros
359 4016 443 4072 Statii
465 4016 670 4085 stillantium,
694 4018 866 4071 imitatorum
890 4016 1017 4088 Vergilii,
1042 4017 1241 4082 trudicnerint3

111 4118 203 4174 neque
226 4106 297 4157 enim
321 4102 472 4158 Claudiani
491 4105 572 4157 locus
598 4104 674 4156 inter
700 4102 870 4155 imitationes
891 4101 939 4155 ilie
961 4101 1097 4156 laudatus
1119 4101 1242 4156 eiusdem

111 4191 171 4242 citii
191 4202 299 4259 expers
320 4194 375 4257 est,
393 4188 451 4242 'sed
471 4189 574 4259 lepitur
596 4189 625 4241 in
649 4185 794 4240 codicillus
818 4183 891 4240 ‘rem
905 4189 1019 4257 peragit
1037 4184 1157 4257 tempus'

113 4270 171 4326 141
195 4265 301 4346 eversa]
325 4273 365 4344 cf.
389 4291 413 4328 o.
438 4271 498 4328 309
562 4269 644 4324 142
667 4267 831 4323 lrlltlrodinel
849 4270 877 4324 P
931 4269 1096 4324 hiltirouldel
1116 4270 1163 4343 Bf

112 4389 172 4447 143
188 4375 314 4465 magnllq.
333 4393 359 4446 B
426 4388 484 4445 144
499 4390 607 4463 scytiam
623 4390 649 4444 P
690 4389 796 4444 scithica
811 4388 967 4446 scholiasta
976 4390 1074 4445 Banu.
1119 4368 1240 4445 liciamn
