2948 4942
638 367 833 415 PRAEFATIO
1265 371 1301 417 IX

166 522 275 607 potius
299 519 451 584 simillimi
479 518 552 583 libri
573 520 681 584 nescio
704 520 805 598 cuius,
833 521 878 584 ita
905 523 1011 585 tamen
1033 545 1051 584 a
1073 520 1304 607 Bambergensi

167 639 394 724 discrepantis,
422 641 473 720 ut,
503 659 574 702 cum
595 637 648 702 hic
669 641 831 722 tamquam
853 639 981 723 speculo
1003 639 1115 704 reddat
1136 661 1302 705 commune

166 760 294 843 utrique
316 743 509 841 exemplum,
539 756 594 821 ille
623 757 741 842 passim
770 760 802 822 et
829 729 1039 823 correctiones
1068 758 1136 824 sine
1158 759 1302 844 exemplo

118 964 124 972 ⁸
166 868 269 950 factas
285 881 318 944 et
338 877 483 942 lectionis
499 868 666 941 varietates
681 877 835 961 receperit
848 875 1001 942 Puteanei
1016 878 1134 942 codicis
1149 871 1301 962 proprias,

167 1020 248 1082 ques
269 997 304 1061 in
325 996 486 1079 archetypi
508 994 704 1080 marginibus
726 995 869 1079 interque
890 1018 1036 1061 versuum
1058 997 1184 1061 ordines
1204 996 1303 1060 fuisse

167 1117 294 1181 additas
316 1137 354 1180 ex
376 1115 445 1200 ipso
468 1113 697 1200 Bambergensi
719 1116 931 1199 cognoscitur.

254 1233 377 1299 Deinde
400 1233 524 1298 saeculo
539 1231 603 1296 XII
617 1233 667 1298 vel
681 1231 762 1300 XIII
784 1255 822 1298 ex
838 1233 945 1298 codice
961 1233 1001 1318 P,
1025 1236 1078 1321 qui
1100 1234 1303 1320 perlongum
1318 1251 1436 1303 Vulso-0

166 1346 297 1438 tempus
323 1352 453 1417 latuisse
474 1351 613 1435 videtur,
642 1353 706 1416 sive
729 1374 767 1417 ex
794 1352 900 1437 aliquo
927 1353 1008 1418 libro
1032 1355 1098 1419 eius
1125 1353 1302 1438 propinquo
1312 1320 1445 1430 ”limi

167 1473 275 1539 denuo
297 1472 421 1536 haurire
443 1474 624 1555 coeperunt.
668 1470 773 1554 itaque
799 1472 1003 1556 factumest,
1031 1476 1082 1556 ut,
1110 1495 1188 1558 quae
1211 1477 1305 1538 antea
1320 1458 1439 1575 ml?

168 1592 289 1658 codicis
323 1591 355 1655 P
385 1591 552 1655 varietates
584 1590 619 1654 in
651 1589 720 1654 aliis
752 1589 843 1654 libris
877 1594 962 1656 certo
989 1591 1140 1656 nimirum
1172 1613 1303 1657 numero

167 1710 338 1778 conclusae
365 1712 532 1794 apparent,
562 1709 607 1773 cis
635 1712 703 1773 tum
730 1709 830 1773 auctis
856 1712 949 1794 atque
977 1711 1105 1795 insuper
1127 1732 1221 1795 saepe
1247 1733 1305 1796 per
1426 1774 1429 1781 ,

168 1830 387 1896 coniecturam
403 1827 571 1913 suppletis,
595 1849 695 1892 novus
714 1828 841 1912 quidam
856 1828 947 1893 mixti
968 1831 1094 1915 generis
1110 1830 1187 1894 ordo
1202 1851 1304 1895 orere-

167 1953 233 2014 tur.
257 1951 291 2013 at
301 1949 385 2013 rivos
398 1947 471 2012 inde
486 1937 651 2012 manantes
665 1946 792 2033 longius
804 1946 857 2012 hic
872 1949 1019 2032 persequi
1032 1969 1098 2013 non
1114 1949 1242 2034 attinet3
1258 1948 1304 2013 fa-

168 2069 232 2134 eile
245 2070 406 2154 poterunt,
420 2067 474 2151 qui
480 2067 584 2131 variae
595 2065 741 2131 lectionis
753 2066 890 2150 aliquam
902 2070 1025 2152 partem
1032 2067 1302 2152 perlustraverint.

169 2210 236 2273 qua
256 2186 290 2251 iri
304 2208 338 2251 re
359 2190 395 2251 ut
415 2189 501 2251 recte
521 2184 581 2250 hac
603 2185 741 2251 editione
762 2189 907 2271 utantur,
930 2207 984 2251 ecs
1006 2185 1185 2251 admonitos
1199 2186 1304 2270 velim,

168 2306 325 2373 lectiones
341 2305 485 2371 codicum
501 2303 534 2370 P
546 2308 578 2369 et
591 2304 625 2370 B
639 2304 825 2391 singillatim
841 2307 977 2391 proponi
999 2327 1070 2372 cum
1086 2307 1151 2371 suis
1166 2327 1305 2406 quasque
1431 2315 1436 2327 '

170 2425 289 2512 signis,
305 2427 480 2490 ceterorum
490 2446 557 2489 non
571 2423 687 2508 ubique
699 2424 895 2510 singillatim.
920 2425 974 2489 sed
990 2425 1016 2489 si
1031 2414 1117 2490 totus
1130 2427 1305 2490 ceterorum

171 2566 252 2632 grex
265 2545 316 2609 vel
335 2544 464 2629 plurimi
485 2545 569 2608 inter
583 2564 616 2608 se
640 2544 855 2627 consentiunt,
878 2544 973 2608 talem
997 2565 1185 2609 consensum
1207 2544 1305 2630 signi-

170 2665 267 2730 ficare
288 2663 373 2729 soleo
396 2664 502 2728 littera
524 2663 570 2728 M
571 2689 578 2748 3
607 2663 657 2727 sin
684 2664 790 2728 autem
813 2665 901 2747 sunt,
930 2663 983 2748 qui
1005 2663 1044 2728 ab
1073 2663 1128 2727 illa
1156 2664 1306 2729 societate

171 2785 365 2868 discrepent,
394 2803 504 2847 eorum
533 2781 676 2877 codicum
701 2783 867 2859 varietates
889 2783 1026 2867 propriis
1049 2782 1138 2868 siglis
1166 2786 1305 2868 notatae,

171 2907 269 2988 prout
289 2924 339 2967 res
366 2902 521 2987 postulat,
550 2905 604 2966 aut
626 2923 767 2967 seorsum
790 2901 987 2966 collocantur
1008 2906 1062 2966 aut
1089 2924 1160 2966 cum
1181 2925 1244 2967 uno
1268 2925 1305 2968 ex

172 3021 307 3087 ducibus
322 3019 391 3086 PB
405 3021 650 3107 coniunguntur.
688 3021 845 3085 litteraM
856 3021 955 3108 igitur
968 3024 1184 3106 repraesentat
1196 3021 1305 3086 lectio·

170 3164 247 3206 nem
273 3141 338 3205 fere
366 3143 565 3205 constantem
592 3139 650 3224 pei
675 3141 780 3205 totum
806 3139 902 3205 medii
930 3141 998 3205 aevi
1025 3141 1161 3225 spatium
1168 3191 1177 3224 ,
1212 3163 1305 3224 quam

172 3260 278 3326 dicere
299 3282 466 3345 possumus
488 3259 615 3324 illorum
637 3261 814 3344 temporum
835 3260 1005 3347 vulgatam.

258 3379 382 3465 Singuli
406 3379 529 3471 codices
551 3383 676 3464 praeter
689 3378 883 3445 Puteaneum
907 3380 966 3467 (P)
991 3383 1023 3445 et
1037 3379 1304 3465 Bambergensem

172 3501 236 3588 (B)
260 3523 353 3586 quam
375 3499 608 3566 accuratissime
631 3499 852 3565 describuntur
872 3501 921 3566 hi:

324 3645 341 3684 r
376 3625 466 3685 codex
493 3626 592 3702 regius
619 3626 713 3685 musei
734 3625 898 3685 Britannici
925 3625 963 3684 15
979 3623 1044 3696 CX,
1072 3623 1123 3699 qui
1150 3624 1222 3682 olim
1249 3623 1307 3682 fuit

376 3745 497 3804 claustri
528 3745 684 3804 Roffensis.
738 3745 834 3804 varias
867 3746 929 3803 eius
961 3743 1102 3803 lectiones
1136 3743 1257 3803 collatas
1289 3765 1306 3802 a

250 3842 254 3851 ¹
375 3863 510 3923 Bentleio
533 3863 668 3938 supplevi
690 3864 721 3922 in
742 3863 894 3923 Addendis
913 3846 996 3940 ⁸(vide
1018 3883 1047 3938 p.
1072 3860 1145 3940 284)

327 3986 343 4044 b
376 3984 465 4043 codex
486 3984 644 4043 Bemensis
661 3984 736 4056 156,
759 3984 841 4043 cuius
864 3983 975 4042 variam
997 3983 1155 4042 lectionem
1176 3984 1306 4059 primum

376 4106 515 4163 volumen
538 4103 708 4162 exhibetur
730 4102 881 4162 Addendis

244 4218 248 4223 ⁴
331 4224 350 4296 f
380 4222 471 4282 codex
493 4223 564 4282 olim
586 4222 785 4299 Frisiugensis
809 4223 883 4294 196,
911 4223 962 4297 qui
983 4242 1061 4281 nunc
1083 4226 1128 4281 est
1149 4222 1180 4279 in
1201 4221 1305 4279 biblio·

376 4342 460 4401 theca
482 4343 651 4402 Monacensi
674 4341 807 4418 signatus
828 4359 952 4422 numero
976 4343 1057 4402 6396
