2948 4942
561 364 653 406 STATI
675 365 852 406 rnuuamos
875 366 900 406 11

250 521 312 572 turn
336 511 455 574 steriles
477 512 538 573 luci
559 530 753 592 possessaque
777 511 912 573 manibus
934 531 1001 574 arva

250 630 279 682 et
301 623 506 700 ferrugineum
530 641 635 683 nemus
659 622 810 702 adstupet,
833 624 955 702 ipsaque
977 621 1064 683 tellus

249 733 376 792 miratur
399 734 528 811 patuisse
551 741 647 800 retro,
672 750 728 792 nec
750 730 837 792 livida
859 729 943 792 tabes

248 841 375 901 invidiae
397 843 507 923 sunctis
526 858 705 918 quamquam
729 848 758 901 et
779 842 837 901 iam
860 840 972 901 lumine
995 843 1085 901 cassis
1129 916 1135 927 .

249 950 367 1010 defuit·
383 970 460 1011 unrrs
483 950 525 1010 ibi
548 957 616 1012 ante
639 950 726 1020 alios,
750 952 799 1011 eui
821 950 903 1010 laeva
926 949 1062 1011 voluntas

196 1080 199 1097 ·
250 1060 396 1120 insultare
418 1059 502 1120 malis
524 1060 674 1137 rebusque
697 1077 871 1138 aegrescere
894 1058 979 1120 laetis

249 1188 367 1249 semper
390 1178 420 1229 ct
441 1170 478 1230 ad
499 1188 638 1249 superos
662 1168 731 1230 binc
754 1178 783 1229 et
805 1170 903 1247 gravis
925 1170 1021 1230 exitus
1043 1171 1122 1238 aevi,

251 1277 351 1339 ‘vade'
375 1280 429 1348 ait,
455 1288 489 1339 ‘o
511 1279 596 1350 selix,
621 1296 826 1357 quoscumque
848 1279 962 1339 vocaris
983 1280 1013 1339 iu
1037 1298 1123 1347 usus,

249 1406 302 1449 seu
325 1388 400 1448 lovis
423 1389 562 1468 imperio,
587 1407 640 1449 seu
663 1390 757 1449 maior
780 1387 880 1464 adegit
902 1387 1007 1466 Erinys

250 1499 295 1558 ire
318 1498 396 1557 diem
419 1506 537 1566 contra,
561 1518 614 1559 seu
637 1499 796 1559 tesuriata
820 1497 961 1557 sacerdos

250 1606 399 1667 Thessalis
420 1625 529 1668 arcano
551 1607 637 1668 iubet
660 1609 807 1685 emigrare
831 1607 1005 1686 sepulchro,

249 1717 309 1777 beu
332 1716 425 1777 duleis
441 1711 545 1778 'visure
567 1716 650 1796 polos
673 1716 826 1794 solemque
849 1715 986 1778 relictum

251 1836 280 1886 ct
303 1825 408 1887 virides
431 1835 526 1887 terras
550 1836 579 1887 et
600 1845 692 1913 puros
714 1825 847 1887 sontibus
870 1844 985 1895 amnes,
1059 1833 1061 1837 '

252 1938 365 1998 tristior
387 1937 440 1997 bas
462 1939 570 1997 iterum
592 1945 691 1998 tamen
713 1939 859 1996 intrature
882 1932 1039 1996 tenebras'

293 2045 361 2106 lllos
383 2054 416 2106 ut
438 2065 527 2108 caeco
549 2046 698 2107 recubans
720 2048 751 2105 in
773 2045 874 2106 limine
896 2046 989 2106 sensit

250 2155 413 2226 Cerberus,
436 2172 531 2232 aeque
555 2174 659 2216 ornnes
682 2157 812 2234 capitum
835 2154 971 2216 subrexit
992 2154 1104 2228 hiatus,

162 2397 288 2437 TESTES.
311 2395 482 2437 Avcronus.
506 2395 707 2437 IMITA'FORES.

230 2485 262 2534 15
281 2484 316 2532 51.
334 2486 415 2548 Verg.
434 2484 501 2533 Aen.
521 2484 549 2534 Π
565 2485 599 2534 85
618 2499 724 2534 cassum
742 2483 844 2533 lumine
925 2483 957 2533 18
975 2484 1011 2534 cf.
1029 2483 1128 2535 Horat.
1147 2483 1261 2550 epist..1
1280 2489 1306 2548 2,

162 2553 195 2602 57
217 2551 327 2601 invidus
347 2551 460 2600 alterius
479 2551 561 2601 rebus
578 2552 722 2602 macrescit
741 2551 838 2615 opimis
907 2553 940 2599 22
959 2551 994 2600 cf.
1013 2552 1118 2602 Tibull.
1136 2552 1150 2602 I
1168 2554 1193 2615 2,
1211 2555 1245 2604 45
1263 2567 1308 2618 sq.

161 2619 232 2668 haec
242 2622 325 2668 cantu
338 2617 470 2683 finditque
482 2617 569 2668 solum
579 2633 727 2682 manesque
739 2618 872 2682 sepulcris
882 2618 959 2668 elicit
969 2624 997 2669 et
1007 2618 1101 2683 tepido
1115 2618 1233 2671 devocat
1241 2635 1309 2672 ossa
1376 2648 1379 2653 ·

163 2701 229 2750 rogo
298 2686 331 2734 26
350 2700 409 2749 sqq.
427 2686 464 2736 cs.
477 2687 559 2749 Verg.
572 2685 641 2736 Aen.
654 2687 694 2738 VI
705 2686 755 2736 417
770 2701 830 2750 sqq.
844 2685 981 2735 Cerberus
998 2686 1067 2736 haec
1084 2686 1183 2751 ingens
1200 2686 1310 2739 latratu

162 2768 249 2817 regna
267 2753 381 2802 trifauci
401 2757 545 2817 personat,
568 2753 684 2803 adverso
702 2754 838 2804 recubans
862 2753 980 2802 inmanis
998 2753 1028 2802 in
1045 2758 1134 2803 antro.
1154 2755 1199 2803 cui
1215 2759 1308 2818 vates,

161 2821 272 2869 horrere
290 2819 387 2870 videns
404 2821 459 2870 iam
472 2820 544 2869 colla
556 2820 684 2883 colubris,
697 2821 778 2871 melle
795 2825 953 2884 soporatam
970 2825 999 2870 et
1015 2820 1161 2870 medicatis
1179 2821 1309 2887 frugibus

163 2887 245 2937 offam
266 2887 366 2948 obicit3
386 2886 465 2938 Ovid.
488 2894 552 2938 met.
569 2888 626 2939 IlII
642 2891 693 2940 450
711 2903 750 2952 sq.
774 2889 829 2937 tria
852 2887 988 2938 Cerberus
1010 2888 1111 2938 extulit
1136 2903 1184 2938 ora
1202 2894 1231 2939 et
1249 2893 1310 2940 tres

163 2955 283 3004 latratus
301 2955 382 3004 simul
401 2954 487 3005 edidit

166 3075 345 3082 -..q—0*-
354 3075 367 3080 -

143 3193 145 3197 -
162 3160 259 3203 VARIA
282 3161 406 3202 Lucum.

226 3246 265 3302 13
288 3246 410 3319 adstupet
424 3247 496 3302 PBr
510 3245 631 3321 abstupet
650 3263 672 3301 rt
694 3247 799 3319 astupet
815 3246 850 3303 M
912 3245 951 3303 15
974 3256 1002 3303 et
1017 3265 1070 3304 om.
1087 3266 1104 3302 r
1118 3239 1132 3326 ss
1146 3249 1198 3303 iam
1214 3267 1269 3306 om.
1288 3246 1307 3305 d

162 3331 245 3400 Besa,
269 3332 496 3404 lindenbrogius
515 3321 529 3409 Η
551 3348 711 3404 quamquam
738 3331 838 3386 iunctis
863 3339 890 3386 et
920 3332 1020 3387 lumine
1048 3332 1125 3387 cassis
1147 3334 1210 3388 edd.
1234 3342 1304 3390 aeti.

227 3415 265 3471 16
288 3411 370 3490 alios]
395 3414 489 3469 oculos
507 3407 646 3494 51111555
665 3406 858 3493 spiiuolutas
875 3407 910 3486 p¹
934 3416 1059 3490 uoluptas
1078 3408 1112 3487 p²
1193 3435 1239 3473 aa.
1266 3419 1306 3476 17

163 3506 190 3555 et
206 3498 244 3556 18
269 3503 436 3570 transposui
507 3499 545 3554 17
569 3494 645 3574 bine]
667 3501 678 3552 1
698 3500 760 3554 buia
774 3492 807 3574 7²
821 3493 834 3576 ss
850 3506 876 3554 ct
892 3500 984 3572 grauis
993 3499 1083 3557 PBM
1096 3500 1135 3555 est
1150 3502 1242 3573 grauis
1254 3521 1283 3558 m
1297 3497 1307 3579 11

162 3584 265 3639 excitus
285 3601 301 3639 c
326 3575 341 3662 1]
366 3582 398 3638 ad
424 3599 538 3656 superos
571 3586 714 3657 glossator
742 3585 844 3639 Bamb.
879 3590 958 3640 reete
987 3588 1200 3656 interpretatur
1232 3586 1307 3659 apud

162 3685 290 3740 superos;
313 3673 343 3724 in
365 3669 427 3724 edd.
452 3674 547 3723 autem
570 3671 652 3741 uulgo
674 3672 779 3740 legitur
801 3675 828 3724 et
856 3670 1041 3741 distinguitur
1066 3685 1224 3742 perperam
1246 3674 1307 3727 sie:

163 3753 206 3827 cui
229 3752 301 3806 laeva
323 3752 447 3807 voluntas
470 3768 591 3825 semper,
620 3752 700 3807 etad
723 3768 836 3824 superos
866 3753 928 3807 bine
950 3761 992 3808 est
1014 3754 1104 3826 gravis
1127 3755 1223 3816 cuitus,
1247 3756 1308 3810 aevi

162 3834 293 3890 insultare
316 3836 390 3891 malis
468 3836 505 3891 18
529 3835 676 3908 raebusquc
700 3837 727 3890 B
741 3827 755 3914 Η
770 3837 911 3910 egrescere
933 3837 978 3910 Pf
1046 3837 1084 3893 19
1108 3839 1143 3892 ait
1167 3856 1229 3909 on,
1254 3842 1311 3896 sed

162 3920 248 3975 itabat
269 3924 345 3975 inter
365 3923 459 3976 lineas
473 3922 502 3976 B
609 3920 650 3978 20
672 3915 776 3996 adegit]
801 3920 903 3976 adhesit
924 3937 947 3975 rr
961 3913 974 4000 1}
990 3922 1072 3976 erinis
1090 3922 1178 3994 PBfe

164 4002 204 4059 22
227 4002 337 4059 Taifalis
354 4004 375 4075 f
390 3995 404 4082 11
419 4005 533 4060 archano
557 3995 620 4077 3²15
634 3996 647 4083 11
662 4004 784 4078 sepulcro
807 4007 835 4060 B
920 4005 960 4061 23
983 4004 1070 4060 dulcis
1090 4004 1116 4060 P
1134 4005 1226 4061 dulces
1245 4008 1312 4063 BM

227 4136 267 4191 24
289 4138 365 4210 puris
384 4155 406 4193 rr
473 4139 513 4197 26
536 4155 600 4194 5555
620 4139 641 4210 f
651 4110 763 4217 (11151115
788 4138 816 4212 (n
839 4156 930 4212 supra
953 4157 1012 4218 scr.
1036 4144 1074 4197 ai.
1099 4139 1227 4213 man.)e

163 4222 202 4279 27
226 4216 324 4296 aeque]
348 4230 429 4296 atque
450 4223 538 4279 PBM
558 4225 619 4279 edd.
643 4223 696 4279 alte
711 4224 915 4280 Laebmanuus
936 4240 1021 4298 acque
1044 4229 1151 4297 scripsi
1171 4224 1308 4284 Cerberus

163 4385 338 4457 anguicomus
361 4384 491 4440 Koebias
513 4381 541 4454 (l.
566 4383 584 4438 l.
607 4400 635 4455 p.
659 4381 689 4453 5)
705 4377 718 4462 ΙΙ
733 4385 847 4441 surrexit
869 4381 889 4439 d
910 4383 1013 4440 surexit
1034 4325 1156 4459 gruebreuit
1178 4403 1195 4441 e
