2948 4942
507 377 598 420 STATI
621 377 797 419 THEBAIDOS
819 378 839 419 V

188 530 314 592 barbara
337 529 488 619 ludentem
510 528 644 589 fodiebat
665 529 785 609 Epopea
808 535 912 589 mater.

188 642 240 702 sset
262 659 352 720 super
375 658 555 720 aequaevum
578 658 663 700 soror
685 645 836 700 exarmata
858 637 981 718 Lycaste

189 752 345 832 dydimon,
368 751 428 811 heu
450 729 562 811 similos
584 752 719 829 perituro
741 751 773 809 in
797 767 921 827 corpore
943 748 1041 809 vultus

179 860 336 941 'aspiciens
358 861 521 940 floremque
544 878 636 938 genae
660 868 690 920 ct
712 878 785 940 quas
806 861 932 920 tinxerat
953 842 1025 919 auro

160 1006 164 1014 ·
188 974 253 1051 ipsa
275 982 387 1042 comam
411 990 478 1031 cum
502 971 586 1032 saeva
609 972 797 1050 parensium
821 971 946 1046 coniuge
968 970 1034 1028 suso

188 1082 303 1143 adstitit
326 1082 509 1161 impellitque
532 1083 623 1141 minis
644 1088 732 1160 atque
755 1081 862 1140 inserit
885 1097 997 1139 ensem.
1181 1079 1243 1137 230

190 1201 224 1252 nt
245 1195 325 1263 sera,
347 1211 422 1272 quae
444 1191 561 1271 placido
583 1191 698 1252 rabiem
721 1189 842 1250 desueta
865 1190 1008 1266 magistro

191 1303 304 1364 tardius
326 1321 407 1363 arma
429 1307 527 1362 movet
549 1302 737 1380 stimulisque
761 1309 790 1361 et
811 1292 936 1360 verbere
960 1298 1067 1360 crebro

191 1415 221 1477 in
244 1431 343 1474 mores
365 1392 454 1490 negat
475 1414 520 1472 iro
544 1430 627 1481 sum,
652 1414 695 1472 sic
715 1409 765 1471 illa
786 1412 896 1471 iacenti

190 1524 296 1584 incidit
318 1523 537 1602 undantemque
560 1525 627 1582 sinu
650 1521 788 1600 conlapsa
810 1538 947 1581 cruorem

190 1635 300 1714 excipit
323 1641 352 1694 et
373 1634 487 1694 laceros
509 1634 619 1712 premit
642 1634 672 1692 in
696 1650 769 1692 nova
791 1631 914 1692 vulnera
937 1632 1046 1691 crines.
1183 1634 1244 1692 235

190 1752 222 1805 ut
244 1763 313 1811 aero
336 1743 507 1804 Alcimeden
530 1744 691 1804 etiamnum
714 1745 745 1802 in
768 1759 920 1802 murmura
944 1749 1066 1802 truncos

104 1936 231 1977 pesnas.
255 1908 651 1977 evonenus.‘1u1nnuonus.

173 2001 222 2050 236
235 2014 294 2063 sqq.
314 1998 351 2048 cs.
364 1997 446 2062 Verg.
458 1997 526 2048 Aen.
538 1998 566 2046 ΙΙ
584 2000 633 2048 659
647 2013 706 2061 sqq.
725 1996 762 2046 At
784 2012 827 2045 me
849 2000 905 2044 tum
930 1997 1046 2059 primum
1069 2012 1167 2047 saevos
1191 1997 1243 2045 cir-

104 2068 244 2119 cumstetit
256 2069 358 2117 horror.
382 2066 517 2130 opstipui3
536 2066 622 2115 subiit
635 2066 693 2114 cani
706 2065 839 2129 genitoris
851 2065 953 2128 imago,
971 2070 1002 2113 ut
1015 2079 1107 2128 regem
1126 2079 1244 2128 aequae·

103 2152 166 2188 vom
185 2134 289 2185 crudeli
306 2133 417 2185 volnere
435 2133 493 2184 vidi
509 2134 596 2183 vitam
615 2133 788 2182 exhalantem
876 2166 883 2182 a

103 2342 200 2386 VARIA
221 2341 344 2383 Lucano.

726 2395 762 2422 um

190 2443 250 2499 225
267 2442 413 2517 ppopeaB
457 2437 626 2514 epopcarsd
669 2457 784 2513 opoenc
828 2442 1089 2514 eopeaunusBed.
1135 2442 1244 2518 Opopea

103 2531 157 2586 Pm
179 2531 242 2586 edd.
262 2528 395 2599 Opopens
415 2529 523 2583 natium
544 2533 586 2580 est
607 2541 724 2601 nomen,
750 2527 888 2597 Epopeus
908 2526 989 2583 haud
1007 2531 1047 2583 ita
1068 2546 1139 2585 raro
1161 2546 1243 2601 repe-

101 2619 189 2670 ritur.
277 2611 338 2669 226
354 2628 503 2684 aequeuum
519 2611 573 2665 PB
616 2610 784 2682 equeumns
795 2603 805 2686 ΙΙ
822 2608 953 2684 lycastus
991 2611 1112 2668 licastec
1154 2614 1244 2669 dieasse

104 2715 180 2756 uitus
206 2697 279 2752 Beli.
368 2696 427 2752 227
455 2696 605 2768 periturir
691 2694 752 2750 228
780 2693 929 2770 floremque
951 2691 1055 2772 getiae]
1084 2697 1124 2770 cf.
1155 2699 1241 2754 Tace.

103 2781 191 2845 1705
236 2798 306 2855 gene
326 2774 377 2858 ΡΙΙ
394 2779 529 2836 fixeratP
571 2781 687 2835 tinxerat
702 2798 728 2834 m
772 2777 886 2836 finxerat
901 2781 961 2836 BM
975 2783 1131 2838 scholiasta
1148 2789 1244 2847 recte,-

104 2869 146 2942 cf.
172 2868 254 2940 Verp.
273 2865 404 2922 neuun
421 2864 479 2921 147
496 2880 539 2937 sp.
563 2864 711 2936 ‘multique
729 2867 866 2936 fluentem
885 2866 993 2937 fronde
1005 2870 1112 2938 premit
1134 2871 1244 2924 crinem

102 2956 215 3026 finpens
235 2959 321 3024 atque
341 2954 463 3023 inplicat
483 2949 580 3019 auae',
606 2948 682 3005 Ouid.
700 2967 822 3005 arsam.
839 2949 925 3007 1305
949 2950 1034 3024 ‘quid
1046 2956 1148 3008 totiens
1166 2957 1243 3023 posi-

103 3046 151 3094 tas
169 3040 255 3110 finpis
277 3041 376 3107 inepta
399 3033 529 3092 comas?’
563 3036 598 3089 de
623 3035 810 3090 medicamine
833 3035 928 3105 faciei
952 3054 977 3092 a.
995 3035 1034 3092 28
1064 3037 1243 3111 ‘fiupuntque

103 3120 214 3179 comus’
302 3120 362 3177 229
384 3137 444 3175 cum
465 3119 551 3175 PBM
580 3120 687 3175 Venett.
732 3127 789 3174 tum
807 3119 852 3191 sm
869 3121 930 3175 edd.
947 3125 1126 3177 recentiores
1147 3115 1157 3199 ll
1180 3140 1244 3178 con-

102 3199 183 3281 iuge]
205 3206 334 3279 sanguine
354 3201 372 3260 d
459 3203 521 3260 230
542 3203 701 3277 inpellitque
723 3204 750 3259 B
777 3197 788 3281 ΙΙ
816 3202 902 3277 adque
924 3205 951 3260 Ρ
975 3198 985 3282 ll
1012 3200 1122 3282 inserit]
1143 3209 1244 3280 ingerit

101 3291 508 3365 marpoPmanuaeqaaeon
595 3287 655 3344 231
680 3287 713 3343 Et
728 3282 842 3368 senari}
858 3288 958 3344 rabiem
979 3289 1083 3363 placido
1103 3291 1131 3346 P
1171 3290 1244 3346 rabie

100 3374 210 3452 placido
233 3392 308 3431 anus
327 3375 400 3430 Beli.
488 3373 548 3431 232
576 3372 740 3446 stimulisque
761 3373 804 3445 (et
826 3371 896 3447 om.)
918 3373 1031 3431 uerbere
1052 3375 1079 3430 P
1133 3375 1247 3431 stimulis

101 3469 131 3518 ct
158 3459 227 3534 (que
249 3457 317 3532 om.)
339 3458 453 3515 uerbere
472 3475 495 3514 ic
581 3457 641 3514 233
665 3458 799 3513 inmortes
816 3457 878 3531 (sed
898 3467 909 3514 t
927 3463 1033 3516 lineola
1056 3461 1195 3516 subducta
1217 3468 1244 3516 et

101 3544 210 3616 deleta)
226 3562 242 3600 ε
259 3538 270 3622 ΙΙ
286 3560 333 3600 one
348 3561 370 3599 n
390 3537 401 3621 ΙΙ
424 3543 464 3616 cf.
482 3546 543 3599 sito.
558 3543 569 3597 l
587 3541 615 3613 1,Ι
632 3542 671 3599 28
690 3544 730 3599 ‘et
745 3547 878 3600 minaria
894 3547 973 3618 lepes
987 3548 1043 3600 iret
1055 3544 1157 3619 penei'

102 3630 166 3688 234
188 3628 400 3703 undantemqute
423 3630 449 3682 B
471 3621 481 3706 ΙΙ
504 3627 626 3700 conlapsa
646 3627 718 3699 PBs
756 3628 871 3701 collapsa
891 3630 925 3685 M
1009 3629 1069 3686 236
1089 3629 1192 3685 Excidit
1213 3623 1242 3685 r¹

189 3712 250 3771 236
273 3712 374 3769 alciden
395 3713 422 3768 P
463 3711 611 3768 alcimedon
632 3729 654 3767 n
669 3729 744 3768 anus
759 3714 831 3769 Beli.
856 3707 866 3791 ll
889 3716 1043 3770 etiamnunc
1062 3716 1090 3771 in
1106 3731 1244 3770 murmure

102 3800 216 3859 truncos
234 3799 261 3854 Ρ
308 3799 385 3853 etiam
408 3795 487 3869 (num
504 3795 574 3869 om.)
595 3798 621 3851 in
642 3814 779 3853 murmuro
799 3800 912 3854 truncos
927 3817 950 3854 π
1006 3799 1149 3855 etiamnum
1171 3817 1244 3854 mur·

101 3902 180 3943 mure
206 3891 303 3939 trunco
330 3883 484 3954 Bartdius,
520 3885 649 3954 idemque
670 3884 900 3956 praeferendum
925 3887 1036 3941 uidetur
1069 3885 1189 3941 Webero
1216 3891 1244 3940 et

101 3965 258 4034 Balineum,-
280 3975 307 4024 et
328 3983 400 4024 sane
417 3969 577 4024 Statiauum
598 3975 640 4023 est
655 3985 776 4023 murmur
792 3976 916 4023 truncum
938 3966 989 4041 (cf.
1010 3970 1095 4025 Theb.
1111 3969 1166 4024 Vlll
1183 3969 1243 4027 620

101 4055 148 4133 llll
162 4053 224 4112 479
247 4057 310 4110 sita.
333 4053 354 4106 V
375 4052 410 4124 3,
432 4050 497 4125 83).
534 4060 564 4108 at
586 4054 680 4108 dubito
702 4070 769 4108 aum
791 4069 876 4109 uersu
897 4059 1028 4126 sequenti
1046 4054 1131 4128 patris
1152 4047 1242 4110 vultus

100 4157 159 4213 per
183 4156 216 4196 se
241 4141 408 4211 sipnificare
440 4142 550 4209 possint
577 4145 665 4209 capnt
695 4142 756 4193 eius
782 4139 949 4195 abscissum.
992 4142 1074 4196 immo
1105 4141 1243 4196 librorum

102 4228 189 4282 lectio
204 4227 365 4279 retineatur
379 4238 498 4279 necesse
514 4230 556 4279 est
571 4238 662 4296 eaque
677 4226 789 4278 minime
805 4223 966 4280 abliorrens
981 4243 999 4280 a
1014 4227 1136 4280 dictione
1148 4225 1241 4294 Statii,

103 4313 156 4384 qai
177 4309 261 4365 Theb.
283 4307 294 4361 l
316 4307 375 4364 277
397 4309 610 4379 Hippodamiae
628 4325 784 4380 procorum
807 4312 904 4380 capita
927 4312 1052 4382 abrupta
1073 4313 1138 4365 item
1152 4314 1243 4367 ‘vocat

105 4395 226 4449 ‘trunca
242 4392 318 4449 ora'.

971 4489 1039 4554 13*
