2948 4942
552 387 643 431 sunm
665 386 842 430 THEBAIDOS
865 385 897 430 v1
988 393 993 411 ⁸

254 546 282 600 et
304 538 399 600 bisin
422 537 577 599 isthmiaoa
599 539 692 599 victor
714 537 854 599 clamatus
877 538 986 599 harena

252 649 444 714 Phaedimus,
468 648 673 729 alipedumque
695 649 793 728 lugam
816 666 1007 728 praegressus
1030 666 1172 728 equorum

255 771 322 820 ante
345 760 464 839 Dymas,
488 759 538 820 sed
562 766 631 819 tunc
654 777 724 819 aevo
746 758 880 820 tardante
902 766 1030 839 secutus.

252 869 335 930 multi
359 876 401 940 et,
429 888 503 949 quos
525 869 596 930 varii
618 875 696 930 tacet
716 869 881 947 ignorantia
904 866 996 945 volgi,
1244 873 1310 933 560

252 978 321 1040 hinc
345 987 431 1059 atque
454 980 523 1040 hinc
545 979 673 1040 subiere.
717 977 769 1039 sed
792 979 903 1039 Arcada
925 978 1180 1058 Parthenopaeum

256 1089 405 1170 appellant
427 1089 570 1170 densique
593 1092 672 1151 cient
693 1106 764 1167 vaga
787 1106 937 1150 murmura
961 1089 1040 1149 circi.

252 1199 335 1280 [nota
357 1218 466 1280 parens
487 1219 590 1269 cursu;
614 1202 679 1281 quis
700 1197 859 1260 Maenaliae
882 1199 1031 1261 Atalantes

250 1311 361 1371 nesciat
383 1311 533 1390 egregium
556 1311 646 1372 decus
669 1319 697 1371 et
718 1311 839 1389 vestigia
862 1309 989 1371 cunctis

250 1421 427 1500 indeprensa
450 1423 566 1502 procis‘.l
603 1429 707 1481 onerat
729 1419 923 1482 celeberrima
947 1428 1045 1482 natum
1244 1426 1307 1486 565

250 1538 360 1602 mater,
385 1532 498 1612 etipse
519 1530 625 1611 procul
646 1532 722 1592 lama
744 1531 802 1592 iam
824 1540 912 1593 notus
933 1533 1062 1592 inermes

249 1650 388 1702 narratur
411 1660 514 1703 cervas
535 1641 627 1721 pedes
648 1643 727 1702 inter
749 1650 849 1721 aperta
872 1641 978 1721 Lycaei

249 1751 353 1812 tollere
377 1759 406 1813 et
429 1753 568 1813 emissum
593 1771 681 1812 cursu
703 1751 888 1831 deprendere
910 1750 1026 1831 telum]

164 1926 290 1967 TESTES.
313 1925 484 1967 AVCTOBES.
509 1924 709 1967 lass'ra'ronus.

231 2008 280 2057 559
299 2007 336 2061 cf.
356 2008 438 2071 Verg.
456 2008 525 2057 den.
542 2007 566 2057 V
584 2008 633 2057 395
652 2005 780 2055 tardante
799 2009 913 2054 senecta
1007 2007 1056 2056 560
1074 2005 1110 2055 cf.
1127 2004 1212 2071 Verg.
1234 2007 1304 2059 Aen.

163 2075 187 2124 V
205 2076 255 2124 302
273 2074 353 2125 multi
372 2080 529 2139 praeterea,
551 2090 617 2138 quos
638 2074 712 2123 fama
730 2074 845 2123 obscura
863 2072 990 2123 recondit
1078 2075 1128 2123 565
1147 2075 1184 2124 oi.
1201 2075 1308 2127 Auson.

164 2142 241 2204 idyll.
266 2142 322 2192 1111
344 2144 376 2192 96
399 2157 441 2205 aq.
464 2144 586 2207 quamvis
609 2147 638 2191 et
656 2142 745 2205 patrio
768 2140 927 2192 iamdudum
949 2141 1057 2192 nomine
1081 2141 1186 2206 clarus,
1208 2159 1309 2208 posses

165 2215 298 2273 ornatus,
310 2225 406 2275 possea
425 2217 554 2260 oneratus
571 2209 668 2260 haberi
735 2210 785 2260 568
804 2208 847 2258 ‘et
866 2246 872 2257 .
891 2248 897 2259 .
918 2244 924 2258 .
944 2208 1041 2259 telum'
1061 2210 1171 2260 Servius
1190 2212 1226 2260 ad
1239 2213 1309 2262 Aen.

163 2278 201 2328 IX
223 2280 286 2394 55ἷ;
307 2278 343 2330 cf.
362 2276 531 2344 Apollinaris
549 2277 655 2328 Sidonii
673 2292 754 2331 carm.
774 2277 797 2327 V
814 2278 864 2328 248
884 2282 912 2326 et
929 2277 1048 2328 intortas
1065 2278 1235 2342 praecedere
1255 2279 1310 2330 sal·

165 2346 239 2395 tibus
277 2349 353 2396 astas

162 2502 259 2544 Vama
281 2500 406 2544 Lucum.

220 2662 224 2669 ,
247 2604 306 2662 557
319 2600 457 2661 iithmiaca
473 2604 502 2659 Β
543 2604 687 2660 iitmiacac
703 2597 714 2682 ll
731 2573 891 2680 stomatasm
907 2597 918 2681 ΙΙ
934 2604 1034 2661 harena
1045 2603 1132 2678 PBsc
1176 2623 1259 2664 arena
1273 2607 1310 2664 M

248 2689 309 2747 558
324 2689 469 2746 Phedinrul
478 2689 513 2762 fc
529 2681 540 2767 ΙΙ
560 2699 694 2764 equorum
708 2690 736 2747 P
790 2690 930 2773 aequopB
945 2682 956 2768 ΙΙ
973 2690 1013 2762 cs.
1030 2691 1101 2747 Aca.
1118 2689 1219 2749 11397

163 2775 223 2833 559
239 2774 323 2830 dimas
332 2775 392 2848 ch
435 2790 548 2832 uersum
564 2774 626 2833 560
640 2793 659 2831 a
673 2777 751 2830 malo
764 2793 851 2832 manu
867 2791 930 2832 esse
946 2778 1006 2830 sine
1020 2778 1096 2832 iusta
1108 2792 1201 2833 causa
1213 2780 1307 2851 suspi-

164 2867 250 2917 catur
264 2860 406 2917 Barthius
495 2858 555 2917 561
573 2862 695 2916 alterum
710 2859 772 2916 hinc
787 2878 840 2916 om.
854 2861 876 2933 s
879 2853 889 2894 ¹
912 2852 923 2937 ΙΙ
945 2859 1057 2915 archada
1068 2859 1104 2932 fc
1126 2852 1137 2937 ΙΙ
1159 2863 1306 2935 partheno-

162 2961 242 3019 peum
252 2945 338 3017 PBsc
381 2944 593 3018 parthancpeum
606 2944 710 3001 Betui
755 2944 1076 3018 parthenopeumBeh.2
1138 2945 1200 3003 562
1217 2941 1304 3023 cient]

163 3031 238 3085 uenit
253 3048 269 3085 r
335 3045 436 3087 uersus
451 3028 628 3101 563-568,
640 3047 813 3108 quamquam
825 3037 1023 3104 aquoscuntur
1035 3031 1071 3086 ab
1087 3028 1191 3088 Seruio
1208 3031 1305 3089 Statii-

162 3130 217 3188 966
232 3116 404 3186 scholiasta,
427 3121 520 3170 tamen
537 3116 734 3171 excludendos
747 3129 811 3170 esse
828 3118 923 3172 statui.
938 3118 1062 3187 primum
1083 3118 1157 3171 enim
1178 3121 1231 3189 qur·
1248 3118 1304 3173 hoo

160 3204 224 3257 ioco
246 3202 285 3281 qd
302 3200 468 3256 Atalantam
482 3199 658 3257 Maenaliam
679 3201 723 3255 ael
743 3197 922 3257 Arcadicum
942 3199 1123 3271 transfertur
1141 3218 1302 3273 procorum

162 3300 282 3356 cursus,
303 3301 366 3342 eum
380 3286 442 3356 ipse
456 3283 578 3356 Statius,
601 3286 674 3341 duas
689 3287 781 3355 plane
796 3292 1020 3358 constanterque
1041 3285 1221 3358 distinpuens
1236 3286 1304 3343 Ata-

161 3373 267 3440 lantes,
285 3369 456 3426 Schoeneidi
469 3371 567 3426 tribuit
581 3371 769 3442 Hippomenis
783 3373 873 3427 umori
886 3369 937 3443 (cf.
953 3371 1014 3427 situ.
1027 3368 1038 3424 1
1054 3369 1083 3440 2,
1099 3369 1140 3428 85
1160 3371 1248 3428 Theb.
1260 3370 1303 3425 Vll

162 3454 222 3513 267
240 3454 303 3528 aa),
319 3472 376 3512 non
390 3456 433 3511 illi
445 3455 612 3511 Maenaliae
627 3454 844 3526 Parthenopaei
857 3456 982 3512 Arcadis
996 3458 1096 3520 matri,
1112 3459 1302 3528 quotiescum-

162 3556 217 3614 que
238 3543 280 3597 uel
301 3542 403 3596 matris
423 3541 540 3612 eiusque
560 3539 673 3597 conatii
692 3542 737 3596 uel
756 3542 811 3615 filii
828 3544 931 3598 mentio
951 3543 984 3612 fit
1005 3539 1104 3612 (Theb.
1120 3539 1166 3595 llll
1182 3540 1254 3599 258.
1270 3541 1303 3596 lX

163 3624 223 3683 613
236 3642 307 3698 sqq,
325 3623 406 3698 792).
424 3626 524 3681 deinde
535 3627 674 3682 nonnulla
690 3632 756 3681 sunt
770 3627 799 3681 in
810 3625 856 3682 his
871 3628 1001 3682 uersibus
1015 3626 1140 3681 obscura
1151 3628 1303 3700 indiynaue
1347 3691 1349 3697 Ι

163 3710 249 3767 Statii
262 3712 394 3780 dictione,
412 3711 500 3766 ueluti
513 3729 538 3767 u.
552 3710 613 3767 567
630 3711 724 3765 inter
739 3718 838 3783 aperta,
856 3729 881 3767 a.
893 3709 954 3767 568
970 3726 1063 3766 ceruos
1080 3708 1178 3766 tollere
1193 3711 1234 3783 (id
1247 3719 1301 3768 est:

163 3797 384 3868 comprehensas
399 3793 544 3867 auferre),
560 3790 730 3852 adiectirum
745 3801 828 3850 notus
845 3796 887 3851 his
901 3799 1052 3868 repetitum
1068 3813 1093 3852 u.
1111 3794 1172 3852 563
1187 3803 1216 3872 et
1231 3796 1301 3864 566,

162 3879 322 3954 indeprensa
337 3899 362 3937 u.
378 3878 438 3937 565
455 3886 482 3935 et
496 3879 662 3954 deprendere
674 3898 699 3936 u.
713 3878 783 3937 568.
817 3879 963 3935 maenaliae
975 3880 1004 3935 Β
1045 3879 1174 3936 menaliae
1184 3879 1219 3954 fc
1230 3873 1238 3961 ll
1249 3888 1301 3937 ata·

162 3964 242 4021 lautis
253 3966 280 4021 P
321 3962 483 4037 atalantels
521 3965 692 4021 athalantiic
745 3963 872 4021 athlantis
883 3981 958 4022 unus
972 3964 1044 4021 aaa.
1132 3963 1194 4023 564
1209 3982 1300 4040 aegre·

162 4050 236 4124 glum
252 4051 279 4104 B
349 4049 409 4108 565
426 4049 488 4106 lnde
504 4051 596 4124 pransa
609 4050 630 4122 s
641 4041 652 4126 ll
668 4050 782 4105 honerat
797 4050 825 4105 B
840 4041 851 4128 ll
867 4044 1053 4127 celeberrisma
1069 4048 1098 4103 Β
1155 4049 1215 4108 566
1234 4050 1299 4106 lama

161 4133 201 4189 eit
215 4135 264 4190 iam
280 4151 302 4190 rr
318 4127 329 4212 ΙΙ
344 4129 474 4211 inermes]
490 4137 521 4191 id
539 4142 596 4191 est:
617 4136 753 4192 cornibus
773 4141 924 4200 caranus,-
945 4142 1084 4192 cornutas
1105 4138 1179 4191 enim
1201 4138 1314 4199 tollere.

161 4236 218 4275 non
236 4223 330 4292 potuit
400 4219 535 4275 inhermes
553 4218 581 4273 B
665 4219 725 4277 567
748 4220 856 4275 eaeruas
868 4219 897 4275 B
918 4212 928 4297 ll
950 4219 1019 4293 lycei
1035 4239 1053 4275 r
1103 4219 1168 4277 'licei
1181 4221 1218 4294 fc

161 4302 266 4446 Ι516989617
281 4305 390 4360 missum
406 4320 487 4362 cursu
502 4304 695 4379 comprendere
712 4306 824 4362 codices
839 4304 974 4362 Seruiani
988 4297 999 4382 ΙΙ
1016 4304 1057 4379 cf.
1069 4323 1095 4364 a.
1108 4304 1169 4362 558
1186 4313 1214 4363 et
1227 4300 1295 4364 Aci.

274 4405 335 4463 sqq.
