2948 4942
557 386 648 427 srarr
670 386 847 429 rnnnninos
869 386 901 425 vr
1230 359 1292 423 253

243 550 272 602 et
292 558 370 601 nunc
393 545 460 599 ante
482 536 593 606 ThoaS,
618 536 727 597 cedunt
749 538 939 611 vincuntque,
963 553 1018 594 nec
1041 552 1179 613 umquam

242 651 395 712 ambitiosa
418 649 487 730 pios
503 645 626 707 considit
647 644 739 724 gioria
762 647 877 705 iratres.
1232 646 1294 704 435

246 770 428 841 postremum
451 756 607 817 discrimen
632 763 716 816 erant
737 755 872 816 Chromis
896 773 983 833 asper
1006 762 1035 815 et
1057 773 1144 835 asper

242 869 460 950 Hippodamus,
485 885 544 927 non
566 875 629 955 arte
651 865 754 937 rudes,
777 865 830 926 sed
853 863 930 926 mole
953 873 1092 925 tenentur

244 978 446 1059 cornipedum.
490 980 573 1057 prior
595 975 799 1055 Hippodamus
820 976 879 1035 sert
901 993 951 1035 ora
975 983 1165 1055 sequentum,

243 1091 305 1151 sert'
322 1091 449 1166 gemitus
471 1087 620 1165 multaque
644 1103 763 1147 umeros
784 1085 953 1146 incenditur
976 1104 1057 1146 aura.

244 1201 372 1278 speravit
393 1198 486 1258 flexae
507 1198 619 1258 circum
641 1195 814 1275 compendia
838 1204 932 1256 metae
1233 1198 1296 1298 440

246 1310 371 1370 interius
393 1308 488 1368 doctis
511 1305 677 1369 Phoebeius
699 1323 793 1384 augur
815 1304 939 1366 habenis

244 1419 420 1499 anticipasse
443 1419 535 1485 viam;
559 1435 614 1478 nec
636 1434 697 1476 non
719 1424 748 1476 et
769 1413 929 1476 Thessalus
951 1415 1039 1476 beros

230 1548 297 1619 ¹spe
319 1530 460 1609 propiore
483 1527 571 1596 caset,
595 1526 665 1586 dnm
689 1544 749 1587 nou
771 1524 929 1587 cohibente
952 1528 1093 1605 magistro

245 1641 394 1719 spargitur
415 1639 445 1697 in
468 1655 555 1717 gyros
578 1636 739 1713 dexterque
761 1644 879 1695 exerrat
899 1638 998 1697 Arion.

245 1753 303 1810 iam
325 1750 407 1828 prior
429 1746 563 1808 Oeclides
585 1754 614 1806 et
635 1748 693 1806 iam
715 1764 775 1806 non
797 1748 900 1807 tertius
921 1746 984 1807 ibat
1234 1751 1296 1809 445

245 1859 399 1927 Admetus,
423 1856 490 1917 laxo
512 1875 580 1917 cum
603 1855 722 1917 tandem
747 1874 782 1915 ex
805 1856 877 1917 orbe
899 1856 1040 1918 reductus
1142 1899 1144 1904 .

246 1987 410 2048 aequoreus
433 1969 553 2047 sonipes
574 1968 683 2047 premit
705 1965 858 2045 evaditque
880 1985 1040 2047 parumper

246 2081 370 2158 gavisos.
415 2076 494 2138 subit
515 2086 591 2139 astra
615 2076 729 2155 sragor,
753 2077 925 2157 caelumque
948 2080 1113 2149 tremescit,

246 2192 403 2268 omniaque
425 2207 547 2250 excusso
570 2196 691 2268 patuere
713 2186 933 2275 sedisiavngo.

246 2300 299 2361 sed
321 2318 375 2360 nec
398 2299 461 2360 lora
483 2301 560 2378 regit
581 2316 641 2359 nec·
660 2297 782 2359 verbera
804 2296 930 2378 pallidus
946 2298 1034 2360 audet
1236 2303 1299 2362 450
1340 2317 1353 2330 ·

246 2409 441 2480 Labdacides,
466 2408 541 2470 lassa
564 2407 789 2470 vetutrrattone
808 2409 947 2487 magister
981 2438 985 2445 ·

247 2522 278 2580 in
301 2520 422 2589 siuctns,
446 2520 483 2580 in
498 2537 568 2579 saxa
590 2520 650 2579 ruit
672 2536 727 2579 nec
749 2520 808 2579 iam
831 2518 956 2599 amplius
978 2528 1055 2581 astra

246 2631 367 2710 respicit
389 2638 417 2690 et
440 2632 543 2690 victam
566 2631 692 2708 proiecit
713 2627 829 2690 casibus
851 2636 954 2690 artem.

198 2777 202 2784 =
291 2741 405 2801 Rursus
427 2740 605 2819 praecipites
627 2741 658 2800 in
681 2747 762 2800 recta
785 2757 819 2799 ac
842 2739 924 2801 deria
947 2743 1042 2820 campi

164 2859 366 2870 ——-—-—————·

163 2949 289 2991 TESTES·
313 2947 484 2990 Avcronns.
507 2947 709 2989 IMITA'I'ORES.

231 3031 281 3080 436
301 3029 337 3078 cs.
356 3029 438 3094 Verg.
458 3027 509 3079 ecl.
529 3027 581 3078 VII
600 3029 631 3078 16
654 3033 681 3078 et
703 3035 842 3078 certamen
866 3033 925 3077 erat
943 3028 1070 3092 Corydon
1089 3044 1149 3079 cum
1167 3030 1301 3096 Thyrside

163 3113 293 3163 inagnum
360 3098 409 3147 437
429 3096 465 3146 cf.
484 3096 566 3159 Verg.
584 3095 651 3145 Aen.
666 3096 688 3143 V
702 3097 749 3145 152
769 3111 849 3160 quem
868 3096 967 3145 deinde
986 3096 1140 3147 Cloanthus
1159 3101 1302 3163 consequi·

163 3174 222 3228 tur,
240 3164 336 3215 melior
354 3166 448 3227 remis,
467 3163 516 3213 sed
535 3163 655 3227 pondere
673 3164 753 3228 pinus
770 3163 851 3214 tarda
869 3169 947 3214 tenet
1022 3167 1073 3214 440
1086 3180 1144 3230 sqq.
1164 3167 1200 3217 cs.
1219 3165 1301 3220 Ovid.

164 3238 230 3284 met.
248 3232 290 3283 III
308 3235 359 3283 234
377 3247 417 3296 sq.
437 3231 486 3281 sed
504 3246 552 3296 per
571 3231 724 3296 conpendia
742 3232 842 3281 montis
860 3233 1011 3296 anticipata
1029 3233 1075 3281 via
1094 3241 1137 3283 est

165 3423 262 3465 varus
283 3421 408 3464 nncmo.

249 3506 310 3564 434
326 3507 440 3564 caedunt
456 3510 516 3564 edd.
535 3515 600 3564 vett.
692 3507 753 3565 435
771 3507 916 3565 Amhiciosa
931 3525 947 3563 c
964 3502 974 3585 ΙΙ
991 3503 1102 3564 conlidit
1118 3509 1209 3583 PBrf
1247 3511 1302 3566 coi·

165 3584 455 3669 tutatqurame
528 3591 753 3650 meorumue·
796 3592 1075 3666 ssartypoaunure
1139 3594 1200 3652 438
1222 3594 1299 3651 ear·
1411 3580 1414 3591 “

165 3681 241 3734 titius
255 3678 434 3734 distinctione
449 3678 562 3734 subluto
576 3685 642 3749 post
657 3679 773 3734 verbum
787 3678 961 3751 cornipedum
976 3681 1082 3734 mavult
1097 3683 1303 3753 interpunpe're-

164 3768 192 3820 in
210 3766 292 3820 exitu
313 3777 415 3818 versus
434 3765 635 3833 praecedentis
656 3755 667 3839 ΙΙ
689 3762 904 3836 hyppodamusc
925 3756 937 3840 ss
959 3763 1024 3825 hora
1040 3764 1068 3817 B
1152 3764 1213 3821 439
1230 3782 1303 3820 inne·

165 3850 211 3903 ros
229 3847 283 3903 PB
336 3847 464 3902 humeros
483 3848 515 3903 M
613 3846 675 3903 440
695 3846 843 3920 conpendia
858 3847 886 3901 P
982 3845 1042 3903 441
1060 3847 1218 3921 phebenisc

165 3931 227 3988 444
250 3933 325 4006 giros
339 3931 361 4003 f
377 3924 387 4008 Η
409 3930 556 4006 ‹leutraqne
577 3951 599 3987 π
704 3931 765 3988 445
786 3930 886 4004 eolides
904 3932 931 3989 P
981 3931 1089 4005 eclydes
1106 3950 1123 3988 c
1139 3926 1150 4010 ΙΙ
1166 3936 1244 3989 etiarn
1260 3952 1276 3987 o
1296 3930 1304 4010 q

169 4017 268 4074 tercius
281 4017 325 4071 Bc
394 4014 455 4073 446
473 4016 504 4072 ab
520 4016 585 4072 orbe
599 4017 723 4089 PBrfcp
742 4018 813 4073 Par.
829 4016 927 4088 8053,
950 4017 1020 4073 Gud.
1038 4016 1094 4088 52,
1117 4016 1208 4103 coto,
1230 4035 1305 4075 reatus

167 4136 258 4206 een,
280 4137 436 4193 oratum
554 4134 614 4192 447
637 4137 810 4209 aequorum
829 4135 856 4189 a
961 4096 1225 4192 saecundum
1248 4137 1274 4191 n
1296 4130 1304 4212 t

166 4221 301 4276 tremescit
316 4214 415 4292 PBW
474 4221 601 4276 tremiscit
616 4221 648 4277 M
731 4219 805 4278 1450
820 4220 900 4276 audet
915 4222 941 4276 P
995 4220 1069 4276 addit
1084 4221 1144 4276 ΒΜ
1158 4223 1220 4276 edd.

165 4305 225 4360 451
243 4304 404 4378 Lapdaeides
417 4322 433 4360 c
449 4299 460 4382 d
477 4306 582 4378 lapsare
598 4313 624 4361 et
639 4308 745 4362 monuit
761 4307 937 4362 Bernartius
997 4305 1053 4360 lara
1068 4325 1094 4361 m
1185 4305 1247 4362 453
1263 4306 1303 4378 cf.

170 4390 254 4450 Theo,
270 4390 301 4444 ΙΙΙ
318 4388 357 4446 29
374 4406 415 4462 sq.
433 4383 444 4468 ΙΙ
461 4406 547 4444 arcem
563 4410 579 4446 r
664 4390 726 4446 454
741 4391 885 4464 precipites
895 4391 917 4463 s
