2948 4942
503 374 594 416 srATI
617 372 792 414 THEBAIDOS
816 373 870 418 Vl.
939 434 947 443 ι

192 528 240 588 331
262 526 378 607 peperi;
402 526 444 586 siu
467 543 559 603 aequa
581 530 701 602 gemant
722 521 794 582 mibi
816 524 919 582 lunera
943 528 1052 582 matres

192 637 341 716 Ogygiae?
386 635 491 695 sternit
513 635 611 694 crines
633 635 778 711 iteratque
801 632 963 711 precando:

193 745 340 814 ‘reddita
363 763 419 805 uec
443 763 511 805 vero
534 742 683 804 crudelem
707 742 878 821 avidamque
902 749 1002 802 vacate

192 855 354 935 sanguinis;
379 854 552 915 oceumbam
575 854 699 932 pariter,
724 852 795 912 dum
819 851 938 912 vulnere
960 854 1037 912 iusto
1183 855 1242 912 175

172 956 358 1026 ‘exsaturata
382 962 498 1031 oeulos;
523 982 612 1023 unum
636 961 811 1042 inpellantur
833 963 863 1021 in
886 962 1009 1039 ignaru.²

102 1100 104 1104 ⁴
192 1077 234 1135 sia
250 1065 296 1136 ¹ait
318 1074 509 1154 abruptisque
532 1074 671 1133 inmutauit
693 1071 916 1149 are-querellis.
1119 1100 1160 1122 =
1185 1075 1244 1132 185

188 1248 191 1254 ,
237 1183 339 1265 [Talia
361 1170 532 1257 uociferans
553 1186 616 1244 alia
639 1185 676 1274 de
694 1190 785 1258 parte
804 1188 969 1257 yementem
1184 1186 1244 1241 177

193 1297 380 1373 Hypsipylen
403 1296 608 1370 (nequeenim
632 1295 684 1353 illa
705 1308 806 1354 eomas
828 1311 882 1353 nec
901 1299 1029 1369 pectora
1051 1288 1178 1369 servat)

193 1409 315 1482 aynoait
335 1409 438 1480 lanye,
461 1407 621 1465 alsaciam
643 1405 802 1477 indiynata
825 1381 968 1463 dolorem:

194 1517 266 1576 ‘ltac
286 1518 403 1582 saltem,
426 1532 443 1574 o
463 1531 621 1594 proceres,
645 1523 786 1591 133333,
809 1517 859 1575 eui
874 1517 1006 1589 plynare
1026 1521 1126 1573 nostro
1185 1517 1247 1574 180

187 1626 307 1702 partns'
320 1626 427 1703 banos,
445 1624 600 1701 probibate
622 1624 736 1701 nefas,
750 1623 871 1696 auferte
892 1626 1039 1699 supremis

110 1793 313 1804 ———

102 1935 206 1978 'VARIA
226 1929 350 1977 Lucum.

299 2028 360 2072 leui
378 2028 456 2068 mama
563 2053 567 2061 .

196 2084 334 2161 113313
367 2027 429 2163 ll
457 2029 603 2158 ›gerantP
686 2085 745 2142 173
768 2086 895 2160 Ogygyae
916 2086 944 2140 B
994 2085 1145 2159 Ogigiaef
1161 2079 1172 2163 11
1200 2087 1248 2142 113-

109 2175 221 2250 ratique
243 2172 269 2225 B
283 2163 297 2250 11
312 2170 460 2245 praeeundo
475 2170 502 2224 P
587 2169 646 2225 174
667 2187 716 2227 333
737 2188 802 2226 uero
821 2172 843 2243 f
886 2187 935 2226 nee
957 2186 1003 2227 era
1019 2190 1036 2225 r
1051 2163 1062 2247 11
1079 2179 1189 2227 uocatae
1208 2170 1248 2243 (ae

108 2261 138 2314 in
154 2249 260 2328 rasis
342 2255 401 2311 176
423 2253 589 2326 impellamur
607 2254 669 2327 sem
733 2271 833 2312 uersus
855 2257 894 2310 sie
916 2256 950 2310 311
972 2254 1146 2328 abruptisque
1161 2257 1254 2321 inruu-¹

111 2343 163 2398 tuit
184 2357 232 2396 ore
254 2339 381 2413 querellis
402 2337 459 2409 (ora
475 2338 618 2412 quaerellil
631 2340 667 2409 Ρ)
689 2356 721 2397 33
743 2359 798 2413 yria
815 2342 890 2396 edidi
906 2343 969 2397 loca
984 2344 1132 2411 reperitur
1147 2345 1176 2396 in
1192 2359 1248 2396 arna
1292 2330 1295 2338 ’

109 2427 149 2496 P,
167 2429 305 2482 omittitur
319 2429 348 2511 ip
367 2421 433 2478 BM.
465 2440 597 2479 uersuum
613 2429 803 2496 sequentium,
826 2428 876 2497 331
894 2429 977 2481 uncis
992 2428 1121 2481 caerulaei
1133 2428 1249 2480 litteris·

110 2527 166 2584 que
180 2513 328 2566 inclinatis
342 2516 408 2566 sant
423 2511 566 2579 expressi,
582 2511 654 2565 datos
668 2515 813 2566 extremas
824 2510 882 2566 184
899 2517 927 2565 et
939 2510 999 2566 185
1011 2528 1066 2565 nan
1083 2511 1199 2566 exbibet
1214 2511 1248 2581 P,

70 2604 76 2619 '
110 2592 424 2665 amnes(177-185)
440 2595 644 2649 desiderantur
664 2598 694 2650 in
716 2601 853 2651 contestu
870 2598 976 2650 codicis
992 2595 1033 2665 B,
1055 2597 1161 2650 sed‘ud
1171 2613 1248 2650 mar·

106 2684 201 2754 yinem
223 2682 284 2735 eius
298 2686 365 2735 sant
380 2679 483 2748 scripti
498 2681 612 2748 prima,
634 2683 660 2734 si
674 2686 753 2734 recte
769 2682 862 2749 uideo,
885 2698 971 2736 mana
987 2698 1051 2736 cum
1067 2681 1249 2735 adnotatione

109 2766 181 2820 buc:
211 2764 239 2818 ln
260 2763 349 2834 qb3da
369 2761 445 2837 libril
468 2762 528 2817 lrilti
550 2764 643 2818 uerlul
662 2761 678 2817 ᾗ
695 2762 842 2825 habentur:
870 2768 969 2820 cuncti
988 2767 1123 2837 leyantur
1143 2766 1172 2819 in
1192 2766 1250 2827 edi-

33 2876 37 2882 «
110 2850 235 2905 tionibus
251 2855 278 2903 et
294 2853 334 2904 eis
347 2850 443 2918 libris,
461 2847 537 2919 'qaas
555 2850 652 2903 littera
668 2849 701 2904 M
723 2851 798 2919 solea
815 2851 965 2920 complecti
971 2873 980 2912 ;
1005 2852 1113 2905 nullum
1135 2865 1174 2904 ee
1194 2851 1250 2904 illis
1275 2863 1278 2871 ·

46 2966 51 2971 -
110 2935 468 3004 uersibusinterpretutur
483 2933 648 2988 scholiasta.
678 2951 734 2989 non
750 2935 863 2989 dubium
879 2936 948 2990 milri
962 2941 1019 3005 est,
1036 2935 1171 3006 qainbac
1186 2935 1249 2989 loca

110 3019 193 3076 nobis
208 3026 346 3074 accurrat
360 3021 523 3090 fiymentam
538 3033 641 3072 monas
655 3020 895 3089 interpolatricis,
917 3035 992 3091 3333
1008 3022 1154 3075 crassiore
1168 3035 1249 3074 musa

111 3105 215 3160 ludens
230 3105 270 3158 ad
282 3107 438 3175 maryinem
453 3103 621 3174 archetypi,
645 3105 719 3158 rande
740 3119 836 3159 amnes
856 3107 949 3159 nostri
969 3107 1081 3160 codices
1096 3111 1162 3159 sant
1180 3121 1249 3174 pro·
1330 3124 1332 3127 ·

109 3191 227 3261 payuti,
251 3188 414 3260 Eurydices
436 3190 593 3243 orationem
609 3190 828 3259 amplificaverit
847 3195 874 3243 et
897 3204 1013 3245 euersa
1030 3188 1116 3244 Statii
1127 3191 1249 3262 yenaino

110 3275 149 3328 sie
165 3273 202 3327 ait
217 3271 391 3345 abruptisque
413 3272 542 3327 inmutuit
558 3288 604 3326 ore
619 3272 746 3344 querellis
762 3276 883 3328 atteram
903 3274 1106 3337 hemistichium
1127 3277 1155 3328 in
1171 3277 1250 3328 exitu

110 3359 261 3414 commenti
273 3361 320 3412 sui
330 3356 365 3428 (a.
386 3356 455 3427 185)
471 3360 596 3411 retinere
611 3360 738 3412 uoluerit¹
767 3361 807 3413 itu
823 3365 918 3413 autem
934 3351 994 3413 rem
1010 3374 1089 3429 esse,
1112 3375 1176 3412 eum
1192 3360 1248 3412 sin·

107 3443 240 3514 yularam
256 3444 406 3497 uerborum
421 3445 685 3514 sententiarumque
701 3446 825 3512 ineptiae
841 3450 907 3498 sant
922 3445 1027 3498 indicio
1045 3452 1101 3499 tam
1118 3457 1249 3498 uersuum

110 3529 195 3596 ardo,
218 3542 300 3599 quem
320 3527 557 3598 deprehendimus
576 3530 605 3581 in
627 3529 772 3583 codicibus
791 3528 846 3582 PB
872 3531 912 3582 ita
933 3531 1008 3583 inter
1030 3544 1061 3583 se
1082 3530 1248 3597 discrepan-

111 3620 181 3682 tem,
203 3618 234 3667 ut
252 3611 344 3684 facile
365 3619 525 3682 appareat,
547 3629 632 3682 qaam
653 3614 745 3667 sedem
767 3628 868 3668 uersus
888 3615 931 3668 illi
951 3616 979 3668 in
1002 3616 1151 3684 utriusque
1174 3613 1249 3667 eadi-

73 3712 80 3722 '
111 3701 154 3753 cis
174 3698 333 3769 archetypo
354 3698 515 3752 habuerint.
554 3698 624 3751 aide
635 3699 669 3752 de
691 3713 726 3752 ea
748 3713 781 3751 re
796 3701 1011 3769 proleyamena.
1123 3697 1179 3752 177
1202 3696 1250 3750 3113

111 3781 145 3837 rle
160 3774 251 3855 parte]
269 3796 308 3836 ece
323 3799 347 3837 u.
364 3781 404 3837 84
492 3779 551 3835 178
567 3779 740 3852 llypliplrileu
755 3783 895 3855 maryaB
939 3780 1127 3854 llyliplrileus
1166 3780 1250 3853 llipli-

110 3857 416 3942 311113331133131333.
433 3881 449 3919 c
466 3858 476 3941 11
493 3864 536 3920 1113
553 3882 605 3920 arra.
620 3865 640 3936 f
652 3858 662 3941 11
680 3860 741 3940 nee]
759 3873 836 3921 autc
896 3866 954 3922 179
970 3866 1081 3938 agnovit
1096 3860 1192 3941 longe]
1210 3882 1250 3922 ece

120 3953 202 4023 Very.
216 3952 286 4006 Aen.
299 3949 404 4022 11843,
423 3949 499 4006 Ouid.
513 3956 575 4005 met.
589 3949 609 4003 ll
623 3951 682 4006 719
699 3943 712 4025 11
728 3957 755 4004 31
770 3968 853 4007 omn
865 3943 873 4025 11
885 3952 980 4005 lotium
996 3969 1095 4023 marya
1108 3952 1135 4005 B
1149 3944 1157 4028 11
1172 3949 1249 4005 tlala-

111 4029 183 4110 rem]
205 4033 323 4090 laborem
344 4053 360 4089 r
447 4034 508 4090 180
524 4050 539 4088 3
557 4039 688 4106 priorem
703 4054 755 4090 om.
777 4052 852 4090 anias
873 4036 945 4090 Beb.
963 4030 974 4111 11
991 4037 1104 4108 pignora
1127 4036 1209 4091 nostri
1225 4035 1252 4090 P

49 4172 52 4176 ,
176 4118 234 4175 181
251 4123 279 4175 in
295 4121 322 4173 P
335 4122 497 4190 concipitur
511 4123 567 4175 sic:
588 4118 747 4174 Proturbalu
765 4121 816 4175 tori
831 4118 973 4192 prohibete
988 4120 1117 4193 lupreuril
1129 4111 1142 4198 11
1157 4128 1248 4193 partus

111 4198 214 4279 luanus]
232 4220 271 4260 ea
289 4205 373 4260 Theb.
387 4204 407 4258 ll
420 4203 478 4259 172
495 4203 537 4258 Xll
550 4204 589 4260 83
602 4221 642 4276 sy.
656 4197 665 4279 11
676 4204 750 4259 aelas
766 4223 819 4261 am.
835 4222 933 4277 muryo
950 4206 977 4258 B
992 4204 1054 4272 (sed
1067 4209 1142 4259 inter
1156 4208 1250 4261 lineas

112 4305 171 4345 scr.
189 4279 245 4360 13³)
263 4288 297 4361 se
338 4324 341 4332 ·
384 4307 407 4345 a.
426 4289 483 4344 181
501 4305 560 4360 sqq.
577 4292 768 4360 interpolator
785 4291 947 4362 Eurydicen
964 4291 1089 4344 absurde
1105 4292 1249 4346 contrudi-

112 4380 222 4430 centem
234 4374 310 4445 fucit
325 4378 385 4429 sais
398 4377 490 4443 ipsius
504 4376 652 4445 precibus,
668 4375 769 4446 paribus
784 4394 809 4433 a.
824 4374 883 4430 169
895 4391 957 4447 333.
974 4381 1001 4431 31
1015 4373 1074 4429 174
1087 4391 1147 4447 sqq.
1164 4378 1250 4432 daces
