2948 4942
544 342 546 347 ’
645 346 738 388 STATI
761 347 937 389 rnnnnlnos
959 349 979 390 V

328 498 418 574 iguis,
443 503 471 555 et
493 497 523 556 in
547 495 636 556 nullis
658 498 750 575 spirat
773 497 846 557 deus
869 499 984 574 integer
1008 499 1091 557 extis.

330 606 442 666 tardius
464 608 577 667 umenti
600 614 717 666 noctem
740 607 846 667 deiecit
869 607 992 689 Olympo

329 717 459 795 luppiter
483 725 511 778 et
537 735 653 777 versum
678 718 754 795 miti,
779 736 862 787 reor,
886 718 1005 778 aethera
1029 736 1097 778 cura

330 829 480 898 sustinuit,
505 827 574 887 dum
589 828 653 915 'fata
677 835 788 897 vetant,
812 846 868 887 nec
889 827 1006 906 longius
1028 846 1167 906 umquam

332 956 485 998 cessavere
508 956 600 998 novae
623 938 754 1015 perlecto
777 937 837 999 sole
860 937 1009 998 tenebrae.
1317 944 1380 1001 180

328 1067 393 1108 sera
415 1057 513 1108 tamen
535 1047 646 1109 mundo
668 1056 812 1109 venerunt
834 1055 927 1116 astra,
952 1047 1002 1108 sed
1025 1047 1084 1108 illis

329 1167 359 1219 et
379 1159 471 1219 Paros
495 1166 524 1218 et
546 1176 701 1218 nemorosa
724 1158 835 1219 Thasos
857 1157 1039 1236 crebraeque
1062 1158 1197 1219 relucent

329 1268 483 1348 Cyclades3
507 1287 565 1328 una
588 1270 668 1346 gravi
690 1269 805 1346 penitus
828 1267 898 1329 latet
919 1267 1023 1328 obruta
1046 1268 1126 1329 caelo

330 1379 473 1448 Lemnos,
498 1381 526 1438 in
550 1378 625 1439 hano
648 1380 746 1438 tristes
769 1377 958 1448 nebulae-et
979 1377 1062 1456 plaga
1085 1397 1171 1439 caeca
1193 1399 1323 1458 superne

328 1490 452 1558 texitur,
467 1476 532 1550 'una
555 1490 633 1566 vagis
655 1488 781 1548 Lemnos
804 1504 863 1548 non
885 1489 980 1565 agnita
1003 1491 1107 1549 nautis.
1320 1495 1380 1552 185

332 1601 389 1659 iam
413 1598 549 1659 domibus
570 1599 627 1658 fusi
651 1606 680 1658 et
701 1616 853 1658 nemorum
876 1616 929 1676 per
952 1617 1042 1677 opaca
1064 1617 1216 1660 sacrorum

333 1708 441 1769 ditibus
464 1707 616 1786 indulgent
639 1706 733 1787 epulis
754 1715 936 1785 vacuantque
958 1708 1104 1787 profundo

301 1874 305 1879 .
329 1838 434 1879 aurum
457 1820 575 1879 inmane
599 1837 695 1888 mero,
720 1819 788 1879 dum
812 1836 886 1895 quae
907 1837 961 1898 per
984 1819 1139 1899 Strymona
1161 1837 1292 1898 pugnae,

252 2003 253 2007 Ἰ
330 1930 393 2008 quis
415 1927 558 2007 Rhodope
580 1927 712 2005 gelidove
735 1928 819 1989 labor
841 1929 960 1989 sudatus
982 1931 1012 1987 iu
1035 1929 1159 1999 llaemo,

327 2057 501 2100 enumerare
523 2046 615 2099 vacat.
660 2057 715 2099 nec
739 2059 810 2106 uon,
834 2057 938 2099 manus
962 2041 1065 2117 impia,
1090 2047 1196 2117 nuptae
1319 2045 1382 2105 190

326 2157 402 2210 serta
426 2150 502 2209 inter
523 2152 671 2227 festasque
695 2150 783 2228 dapes
807 2167 863 2226 quo
887 2152 1010 2209 maxima
1034 2149 1113 2211 cultu

326 2277 460 2340 quaeque
483 2262 594 2328 iacent;
618 2259 740 2320 dederat
763 2261 848 2319 mites
870 2259 1011 2337 Cytherea
1038 2268 1184 2339 suprema'

330 2376 415 2429 nocte
440 2372 515 2429 viros
537 2369 684 2448 longoque
707 2369 825 2429 brevem
849 2379 915 2448 post
937 2378 1071 2448 tempore
1093 2388 1196 2448 paoem

218 2481 223 2493 '
326 2481 499 2559 nequiquam
526 2487 555 2539 et
577 2482 701 2539 miseros
724 2482 855 2558 perituro
878 2480 1035 2540 adflaverat
1056 2482 1126 2558 igni.
1208 2550 1212 2565 Ι

243 2740 369 2780 TESTES.
394 2737 563 2780 AVCTORES.
587 2736 787 2780 IMITATORES.

309 2832 357 2879 189
376 2828 411 2878 cf.
431 2828 514 2878 Silius
530 2828 646 2881 Italicus
664 2828 720 2878 IIII
732 2830 781 2878 435
794 2844 833 2892 sq.
857 2828 995 2892 multoque
1014 2828 1110 2878 labore
1129 2829 1279 2893 Cyelopum
1298 2831 1381 2883 suda·

241 2902 298 2945 tum
316 2898 429 2946 thoraca
448 2897 523 2961 capit

241 3138 336 3181 VARIA
358 3138 481 3180 LEGTIO.

327 3233 384 3289 177
408 3232 528 3287 humenti
550 3232 582 3286 M
659 3231 718 3287 180
740 3224 875 3305 perlecto]
899 3232 1040 3304 perfuncto
1064 3233 1257 3289 Schraderrm.
1281 3242 1311 3290 ot
1335 3239 1379 3292 sol

179 3387 182 3393 Ι
241 3319 288 3373 hie
310 3320 415 3374 dicitur
432 3335 490 3388 pro
513 3319 689 3373 1011100110
713 3318 755 3372 oet
777 3319 829 3385 die,
855 3320 939 3372 secreti
959 3317 1102 3391 1145910.
1129 3318 1233 3389 ‘lonpis
1254 3320 1377 3376 solibus'

243 3411 270 3458 et
292 3406 352 3458 silc.
376 3401 430 3463 13,
446 3401 485 3459 88
511 3401 815 3457 ί101111021001011711
905 3401 961 3458 181
985 3396 1057 3477 illis]
1083 3398 1174 3457 iltild
1262 3402 1322 3460 182
1346 3403 1379 3459 Et
1414 3424 1417 3431 ¹

241 3488 321 3561 paros
340 3488 391 3542 Pm
443 3485 474 3540 Et
497 3486 598 3559 paphos
619 3483 745 3560 (palolf)
769 3486 829 3540 ΒΜ
875 3494 909 3564 pt
931 3486 1022 3540 Samos
1046 3487 1186 3543 Borthius
1214 3480 1227 3564 b
1257 3483 1377 3564 Thasos]

242 3573 318 3626 thaos
339 3591 356 3626 r
384 3564 397 3650 ll
432 3568 580 3643 crebroque
603 3567 621 3625 d
685 3589 727 3626 eo.
754 3570 812 3626 182
836 3578 862 3625 et
887 3571 944 3627 183
972 3575 1084 3629 inverso
1112 3574 1212 3628 ordine
1239 3587 1302 3627 rese
1326 3590 1379 3630 ece·

242 3661 363 3729 cipiunt,
394 3658 496 3712 additis
523 3663 616 3712 eutem
643 3658 746 3711 litteris
768 3674 785 3710 o
809 3663 835 3711 et
858 3657 874 3710 b
901 3659 1043 3712 inlocum
1072 3673 1153 3712 suum
1175 3659 1288 3712 reducti
1309 3666 1379 3714 sunt

240 3746 269 3798 in
294 3743 316 3814 f
397 3741 456 3798 183
485 3742 607 3813 paenitus
632 3741 658 3795 P
744 3739 802 3795 184
830 3739 950 3794 nebulaei
980 3733 1028 3819 cll
1050 3758 1110 3796 ceca
1139 3740 1166 3795 P
1232 3755 1295 3812 ceca
1319 3743 1349 3797 B
1371 3736 1380 3822 ll

241 3828 324 3899 supne
347 3827 374 3880 B
460 3825 519 3882 185
542 3826 650 3880 lemnon
672 3825 698 3880 P
722 3817 734 3903 ll
761 3820 909 3898 cogaritad
996 3824 1055 3882 186
1078 3834 1104 3880 el
1127 3845 1178 3882 om.
1201 3844 1226 3881 m
1246 3819 1260 3905 ll
1285 3846 1304 3900 p
1328 3828 1358 3881 Β

306 3911 363 3966 187
389 3909 495 3984 pfundo
523 3911 551 3964 Β
620 3910 660 3981 cs.
690 3929 714 3966 o.
737 3901 796 3967 262
819 3926 860 3981 sq.
950 3909 1008 3966 188
1036 3912 1148 3966 immane
1175 3911 1208 3965 M
1235 3904 1248 3988 ll
1278 3908 1377 3989 mero]

241 3996 298 4052 lero
319 3996 340 4067 f
349 3989 362 4074 Η
378 3997 437 4068 quil
450 4015 468 4068 p
484 3996 608 4049 strimona
627 3995 649 4066 f
658 3990 676 4048 d
691 3987 704 4073 Η
725 4011 815 4067 pugne
837 3995 865 4049 P
942 3994 1000 4049 189
1024 3992 1073 4060 Qui
1088 3989 1107 4048 d
1121 3986 1135 4073 ll
1156 3994 1231 4050 labor
1246 3994 1376 4073 sudatus]

240 4132 279 4203 cf.
306 4130 389 4186 Theb.
414 4131 457 4184 llll
474 4129 532 4185 721
549 4122 562 4207 Η
577 4132 602 4184 in
626 4131 704 4186 hemo
729 4131 755 4184 Β
818 4088 905 4184 iubmo
928 4128 956 4200 (h
979 4145 1144 4200 suprascr.
1162 4130 1338 4197 allemanni
1362 4150 1378 4188 c

327 4216 382 4272 191
406 4223 476 4270 serta
499 4209 583 4289 inter]
608 4215 648 4287 es.
669 4216 752 4271 Theb.
771 4215 843 4283 1176
859 4206 871 4291 Η
888 4212 967 4269 dahel
985 4214 1007 4285 f
1017 4206 1030 4291 ll
1045 4230 1123 4287 quam
1146 4215 1258 4269 maxima
1281 4232 1297 4270 c

241 4300 299 4356 192
323 4301 389 4355 iacet
411 4296 429 4354 d
516 4300 574 4356 194
597 4300 776 4373 Nequioquam
799 4318 824 4354 m
888 4298 1058 4371 Nequaquam
1081 4314 1103 4352 11
1122 4290 1137 4377 Η
1157 4298 1296 4355 aillauerat
1319 4293 1378 4379 mll

239 4386 302 4458 igne
324 4385 352 4438 Β
373 4400 446 4441 onus
469 4384 541 4439 Beh.
