2948 4942
164 347 214 393 x11
630 347 823 394 1111111111
872 325 874 328 ’

162 503 270 564 tamen
285 501 329 564 eis
336 548 345 581 ,
368 510 451 584 quas
461 500 529 584 ipse
543 476 764 585 Lachmannus
780 501 962 586 deleverat),
978 504 1014 564 ut
1029 505 1138 567 contra
1152 504 1294 588 plerique

163 618 279 683 nostris
310 619 495 703 praesertim
526 620 740 704 temporibus,
769 619 897 702 quibus,
930 620 1081 704 quidquid
1111 623 1216 687 subito
1250 626 1292 688 ef-

154 736 255 800 11111111
275 738 458 821 exanimis,
481 738 598 802 scrinia
620 738 687 802 odit
708 740 801 821 atque
823 738 859 801 in
878 760 987 802 musea
1009 743 1040 803 11
1062 741 1191 806 annales
1214 743 1297 807 solet

164 855 329 939 festinare,
357 879 549 942 magnopere
571 856 714 921 miraturi
740 878 807 920 esse
829 856 908 921 mihi
929 857 1109 942 videantur,
1138 861 1296 943 quod'illc

164 973 238 1037 dum
260 974 385 1039 vivebat
411 976 554 1060 insignes
576 999 648 1039 suas
671 975 764 1040 Statii
790 997 879 1039 curas
907 975 974 1058 ipse
1001 977 1114 1041 maluit
1135 979 1294 1044 occultari.

215 1082 216 1086 ¹
247 1093 336 1158 Haec
352 1094 416 1157 fere
432 1097 505 1158 sunt
511 1145 519 1179 ,
543 1117 623 1178 quae
644 1095 683 1157 ad
705 1080 945 1177 perpoliehdam
959 1094 1152 1160 Thebaidem
1168 1097 1297 1162 adhibui

165 1212 297 1296 auxilia,
324 1214 428 1297 plura,
458 1235 550 1298 quam
573 1212 686 1297 quibus
714 1234 794 1295 opus
817 1216 891 1277 erat.
937 1213 1054 1278 etenim
1075 1215 1113 1278 dc
1142 1216 1297 1300 dignitate

165 1330 309 1395 codicum
332 1331 407 1395 Pet
421 1331 455 1396 B
476 1332 503 1395 si
526 1332 575 1395 cui
597 1334 683 1396 recte
705 1353 800 1414 supra
822 1332 1030 1415 disputavisse
1045 1332 1189 1418 videbor,
1212 1334 1296 1399 idem
1362 1401 1367 1411 ,

165 1450 269 1534 aliquo
291 1450 359 1514 iure
380 1451 427 1514 111
448 1453 555 1514 tamen
570 1449 800 1534 adversabitur,
823 1473 844 1513 u
862 1501 871 1533 ‚
886 1457 967 1515 ‘cum
990 1453 1035 1515 sic
1054 1474 1104 1516 res
1127 1474 1159 1516 se
1173 1452 1297 1536 habeat,

165 1569 264 1632 nimia
290 1569 393 1632 variae
422 1569 567 1632 lectionis
595 1569 679 1633 mole
707 1570 878 1634 aditio‘nem
907 1592 975 1634 esse
1008 1574 1172 1635 oneratam
1200 1572 1296 1636 dicat.

166 1689 199 1751 at
221 1687 290 1750 aliis
311 1709 434 1772 quoque
455 1687 635 1751 satisfacere
650 1677 770 1771 studui,
793 1689 861 1772 qui,
883 1688 946 1751 uisi
967 1691 1049 1771 tota,
1073 1711 1151 1772 quae
1172 1690 1299 1774 quidem

165 1805 266 1870 adhuc
289 1809 338 1870 111
365 1810 468 1888 eruta,
497 1806 577 1870 silva
605 1808 678 1870 ante
701 1806 808 1870 oculos
835 1808 1045 1889 proponetur,
1073 1809 1187 1872 minus
1207 1810 1299 1873 facile

104 1978 107 1983 .
166 1926 278 1990 adduci
309 1929 460 2009 poterunt
490 1928 526 1988 ut
558 1924 695 1988 credant.
746 1924 858 1988 deinde
890 1925 968 1989 haut
995 1947 1070 1990 1111
1101 1927 1213 1991 inutile
1242 1930 1314 2010 est,

166 2044 409 2128 uniuscuiusque
431 2043 685 2127 interpolationis
708 2042 899 2110 editionibus
917 2045 1035 2108 nostris
1057 2044 1231 2110 hereditate
1252 2069 1299 2110 re-

166 2166 257 2229 lictae
280 2163 319 2227 ad
340 2163 431 2227 initia
452 2166 613 2246 tamquam
636 2158 786 2246 gradibus
809 2161 1006 2226 descendere.
1048 2163 1182 2248 denique
1203 2164 1299 2229 medii

167 2285 235 2348 aevi
250 2282 432 2346 scholastici
451 2281 566 2364 passim
584 2281 765 2344 coniectura
780 2303 888 2345 verum
902 2282 1105 2364 invenerunt,
1128 2283 1190 2346 nisi
1206 2283 1298 2365 forte,

166 2403 327 2487 quodnon
341 2403 435 2485 plane
449 2399 646 2484 negaverim,
669 2400 874 2495 pervenitad
896 2401 968 2463 illos
990 2401 1142 2464 traditum
1165 2423 1203 2464 ex
1228 2401 1295 2464 eius

167 2522 284 2586 codicis
310 2519 522 2604 marginibus,
551 2541 571 2581 1
599 2539 661 2601 quo
689 2539 798 2583 omnes
825 2522 949 2602 praeter
971 2518 1238 2604 Bambergensem
1268 2523 1301 2582 et

166 2641 362 2705 Puteaneum
390 2641 476 2703 ortos
499 2659 567 2701 esse
597 2659 691 2720 supra
719 2637 799 2721 dixi,
827 2637 1056 2722 Bambergensi
1078 2639 1184 2703 nescio
1213 2639 1299 2703 cuius

168 2759 350 2825 consimilis.
394 2759 460 2821 eius
482 2756 569 2820 modi
590 2759 698 2820 tamen
718 2779 816 2840 parva
838 2759 913 2823 sunt
935 2779 971 2821 ac
993 2779 1158 2841 perpauca.
1176 2753 1179 2761 ’
1258 2737 1262 2742 .

252 2879 337 2954 Quae
360 2900 431 2942 curn
452 2878 497 2940 ita
520 2875 597 2958 sint,
620 2897 747 2959 perraro
771 2876 911 2940 animum
925 2875 1035 2939 induxi
1056 2877 1202 2962 neglecta
1217 2844 1300 2940 codi-

168 3021 238 3063 cum
273 2998 341 3063 PB
373 2996 559 3060 auctoritate
592 2994 672 3058 alius
705 2994 779 3058 libri
811 2994 980 3058 lectionem
1012 2994 1187 3059 admittere.
1237 2995 1300 3058 illis

168 3119 272 3181 autem
294 3117 432 3198 duobus,
461 3116 637 3198 quaesunt
664 3117 695 3177 11
723 3135 791 3177 1111
817 3113 991 3197 debebant,
1019 3114 1168 3180 editionis
1189 3115 1301 3178 funda·

168 3237 282 3301 mentis
304 3237 349 3300 ita
370 3257 440 3299 sum
461 3256 551 3317 usus,
576 3236 611 3297 ut
633 3232 822 3316 comparatis
843 3233 926 3297 inter
949 3255 982 3298 11
1004 3237 1037 3298 11
1058 3233 1233 3299 conciliatis
1256 3235 1301 3298 eis

168 3358 255 3441 prius
272 3355 461 3437 *exemplum
487 3352 652 3417 restituere
681 3372 815 3415 conarer
840 3355 895 3415 aut
922 3353 1074 3436 primum,
1103 3353 1207 3436 quoad
1236 3353 1301 3416 sive

15 3481 17 3484 ’
70 3530 74 3535 ,
168 3499 225 3560 per
256 3497 306 3539 me
340 3475 405 3539 sive
433 3495 490 3557 per
517 3472 597 3536 alios
629 3471 696 3534 fieri
729 3473 845 3554 posset.
895 3471 1000 3558 itaque
1025 3470 1302 3556 (quandoquidem

168 3597 274 3679 placet
295 3617 314 3658 a
335 3592 429 3658 rebus
450 3591 648 3677 gravioribus
676 3590 847 3676 incipere),
878 3611 949 3654 cum
977 3613 1014 3654 cx
1040 3592 1171 3674 utroque
1194 3590 1301 3655 codice

169 3715 219 3778 vel
240 3734 304 3778 uno
333 3713 523 3796 apparuerat
549 3710 672 3793 aliquos
694 3730 802 3773 versus
823 3730 890 3772 non
913 3709 1010 3773 fuisse
1032 3709 1066 3772 in
1088 3730 1125 3773 eo
1141 3711 1301 3793 exemplo,

170 3856 188 3896 1
203 3853 264 3916 quo
281 3852 480 3895 communem
494 3832 624 3912 uterque
639 3828 795 3914 originem
810 3828 897 3892 ducit
902 3877 911 3912 ,
928 3830 1111 3912 contempto
1128 3831 1302 3892 ceterorum

170 3973 326 4016 consensu
352 3950 432 4014 tales
461 3954 566 4013 versus
599 3947 712 4013 litteris
746 3943 875 4012 cursivis
909 3947 1042 4030 exprimi
1074 3951 1106 4012 11
1136 3949 1225 4012 uncis
1259 3946 1300 4034 []

169 4070 292 4135 includi·
310 4070 396 4134 iussi.
426 4090 513 4160 ¹quae
527 4089 594 4132 non
609 4066 740 4132 cursivis
762 4066 877 4131 litteris
893 4066 1011 4150 scripta
1025 4067 1135 4131 eodem
1150 4088 1310 4132 uncorumx

149 4211 287 4274 genere
313 4189 547 4271 discernuntur,
576 4208 612 4250 11
633 4185 821 4268 antiquioris
844 4185 1114 4269 etiam'tcmporis
1136 4185 1215 4249 mihi
1236 4184 1303 4248 visa

170 4310 244 4373 sunt
276 4309 443 4393 figmenta,
476 4328 584 4371 versus
612 4308 717 4369 autem
744 4305 783 4369 ab
815 4326 878 4368 uno
904 4304 955 4367 vel
982 4304 1092 4388 paucis
1119 4302 1302 4368 recentioris
