2948 4942
633 366 826 413 PRAEFATIO

319 544 333 583 c
369 523 459 583 codex
481 524 668 584 Cassellanus

315 620 348 698 a=
366 643 456 703 codex
478 642 730 720 cantabrigiensis
752 644 803 720 qui
824 646 870 703 est
891 644 1008 720 collegii
1029 645 1122 703 sancti
1143 645 1239 718 Petri,
1262 664 1298 704 ex

366 763 522 822 collatione
543 762 671 822 Bentleii
1015 741 1018 745 .

316 880 333 938 d
367 880 457 940 codex
486 900 521 939 ex
548 881 727 942 bibliotheca
748 881 865 958 collegii
887 881 1058 940 Emanuelis
1081 880 1296 958 Cantabrigiae‚

303 995 307 1014 '
361 1001 437 1089 ⁸item
464 1001 589 1059 collatus
617 1021 634 1058 a
659 1001 804 1059 Bentleio.
852 1000 984 1059 eiusdem
1013 1000 1083 1059 libri
1110 1000 1297 1060 collationem

366 1119 485 1179 adhibui
507 1118 723 1194 suppeditatum
747 1138 782 1177 ex
803 1120 902 1194 legato
925 1119 1028 1177 Jacobi
1050 1119 1195 1178 Perizonii
1287 1122 1289 1126 ‘

287 1274 292 1282 ·
315 1226 347 1310 φῚ
367 1237 568 1314 fragmentum
591 1236 850 1314 Cantabrigiense‚
873 1237 953 1312 quod
974 1236 1104 1312 pertinet
1125 1237 1161 1295 ad
1182 1240 1295 1313 partem

196 1323 201 1327 ι
364 1357 460 1415 octavi
481 1359 512 1415 et
531 1358 604 1416 noni
627 1356 791 1416 Thebaidos
813 1356 896 1429 libri,
920 1376 937 1414 a
957 1356 1093 1415 Bentleio
1116 1357 1256 1415 collatum
1288 1344 1293 1353 ⁴

152 1527 156 1532 .
248 1467 414 1532 Accedunt
434 1469 553 1552 passim
575 1463 885 1534 commemorati'hi:

314 1614 332 1670 y
363 1594 453 1652 codex
463 1594 658 1653 bibliothecae
667 1594 802 1670 publicae
810 1592 1074 1669 cantabrigiensis,
1090 1612 1126 1651 ex
1136 1612 1194 1668 quo
1204 1612 1296 1668 pauca

365 1714 480 1772 notavit
499 1713 652 1772 Bentleius

263 1867 266 1873 ·
309 1850 334 1905 p
364 1831 455 1891 codex
475 1832 649 1890 Parisiensis
672 1832 777 1921 8052¹

315 1949 428 2010 codices
450 1951 545 2010 muse
566 1951 744 2018 suanno:
775 1924 777 1931 '
1238 1994 1242 1999 .

427 2071 514 2144 raa,
529 2069 566 2128 15
587 2049 632 2127 l.
654 2068 738 2141 mu,
770 2068 808 2127 15
836 2068 873 2127 A.
901 2068 1013 2148 xxix,
1041 2069 1208 2128 nuruum
1235 2070 1295 2126 257

428 2190 458 2246 et
481 2188 555 2261 258,
578 2189 736 2247 Harleiouc'
759 2187 849 2246 2463.
882 2187 972 2246 2474.
1004 2187 1094 2247 2498.

39 2309 45 2322 ·
164 2301 204 2364 ab
227 2300 297 2364 aliis
319 2300 395 2364 viris
417 2300 519 2365 doctis
543 2301 713 2384 explorati:

53 2390 55 2403 .
85 2479 86 2482 ,
163 2425 233 2483 Rea.
252 2426 279 2482 1.
297 2426 324 2481 2.
362 2424 419 2482 duo
434 2424 547 2483 codices
558 2425 682 2484 Adriani
692 2424 838 2498 Behottii‚
854 2444 980 2499 quorum
992 2425 1150 2484 varietates
1161 2425 1297 2498 supplevi

363 2544 395 2601 in
416 2543 568 2602 Addendis
591 2541 672 2640 ¹(vide
694 2563 723 2618 p.
747 2541 820 2620 284)

163 2662 246 2720 Busl.
363 2662 438 2721 liber
451 2648 645 2722 Louaniensis
659 2661 823 2721 Buslidiani
838 2620 954 2737 collegii

1017 2739 1090 2796 quos
1122 2721 1296 2780 Bernartius

1018 2821 1151 2898 oolibae
1177 2841 1208 2898 in
1236 2841 1295 2898 eu.

1018 2959 1097 3017 tione
1111 2959 1197 3017 Statii
1210 2957 1295 3036 (Ant-

1027 3077 1145 3153 verpiae
1170 3076 1263 3155 1595)

162 2761 259 2855 Lanu.
361 2780 452 2840 codex
475 2781 573 2841 Caroli
595 2773 702 2857 Langii
757 2832 758 2835 ,

162 2899 256 2958 Lour.
361 2900 532 2959 Leodiensis
568 2901 645 2959 liber
683 2899 879 2959 bibliothecae
917 2899 946 2957 S.

209 2992 244 3064 ¹-
364 3019 517 3077 Laurentii

162 3137 244 3210 Ic'pa
365 3137 455 3196 codex
476 3137 571 3212 Lipsii

364 3256 451 3314 liber
464 3257 546 3332 Petri
570 3256 702 3315 Danielis
739 3255 960 3331 Lindenbrogio
972 3255 1151 3331 suppeditati
1164 3257 1201 3314 ad
1209 3256 1296 3314 Statii

343 3374 441 3434 'liber
468 3368 557 3434 Pauli
588 3376 703 3434 Petavii
795 3374 956 3433 editionem
980 3372 1114 3450 (Parisiis
1139 3372 1233 3450 1600)

361 3493 452 3553 codex
475 3495 681 3567 Temeneia,
711 3495 793 3552 cuius
814 3494 913 3552 variae
935 3493 1070 3552 lectionis
1099 3512 1167 3567 pars
1189 3511 1295 3568 propo-

363 3613 445 3671 nitur
459 3614 490 3671 ln
506 3611 755 3672 Observationum
764 3614 1021 3672 Miscellanearum
1034 3606 1184 3671 volumine
1199 3612 1256 3672 Iet
1266 3613 1296 3670 ΙΙ

362 3728 569 3809 (Parisienses)
593 3733 684 3791 8053.
708 3733 790 3791 8054

361 3850 536 3910 Parisiensis
559 3852 655 3924 8055,
680 3852 751 3910 olim
767 3851 955 3910 Oolbertinus
1012 3849 1048 3907 ad
1058 3848 1147 3908 fidem
1158 3840 1296 3908 editionis

234 4014 240 4026 .
363 3967 663 4046 (eudemum.
689 3971 747 4029 146
1024 3969 1189 4043 Lipsiensis
1212 3970 1280 4026 anni

245 4132 252 4145 .
366 4087 607 4149 Vratislaviensis
630 4109 665 4148 ex
694 4089 873 4148 bibliotheca
893 4089 968 4147 Reh·
1024 4113 1026 4119 ,
1112 4088 1192 4146 1854

365 4206 505 4283 digerana

240 4369 246 4383 .
365 4326 456 4388 editio
478 4329 611 4395 Romana
632 4326 647 4386 Ι
670 4328 738 4386 anni
763 4327 842 4384 1475
