2948 4942
630 380 825 429 PRAEFATIO
1235 379 1300 426 XIII

163 541 259 602 notae
282 536 443 601 codicibus
464 535 627 620 profectos
649 535 689 598 ad
711 534 887 619 marginem
908 532 1002 597 reieci
1024 532 1215 597 inferiorem.
1257 532 1302 595 sic

163 656 262 741 igitur
285 658 362 719 tres
395 676 507 718 manus
544 653 795 736 interpolatrices
831 652 949 715 notavi.
1002 650 1167 735 negotium
1198 649 1311 713 minus*

164 796 230 838 non
251 773 524 855 minorislaboris
546 775 628 855 erat,
652 771 751 835 sicubi
773 769 970 855 singulorum
986 768 1121 833 varietas
1134 768 1302 833 verborum

164 892 198 956 in
228 891 390 956 codicibus
414 890 482 954 PB
509 890 723 974 reperiebatur
750 888 838 970 talis,
866 891 902 951 ut
927 888 1057 952 tertium
1086 887 1204 971 aliquid
1230 887 1303 950 inde

165 1011 251 1074 effici
281 1032 341 1074 nec
369 1013 478 1093 posset
505 1031 563 1073 nec
592 1009 782 1092 oporteret„
799 1007 930 1071 alteram
958 1010 1061 1070 utram
1093 1007 1224 1090 eligere,
1256 1006 1303 1069 ni-

75 1193 78 1200 ,
165 1129 281 1192 mirum
317 1127 541 1209 examinando,
575 1127 649 1211 quid
679 1131 791 1210 poetae
822 1128 951 1211 ingenio
980 1125 1174 1208 dictionique
1201 1125 1302 1210 magis

165 1250 252 1312 esset
274 1246 473 1311 conveniens
511 1249 650 1310 ceterum
672 1267 743 1309 cum
766 1246 799 1308 in
820 1244 880 1308 hac
901 1247 969 1308 tum
991 1245 1025 1308 in
1042 1244 1188 1309 omnibus
1210 1243 1303 1307 rebus

165 1366 330 1429 certiorem
359 1364 470 1431 ducem
498 1363 597 1429 codex
625 1364 803 1428 Puteaneus
832 1385 865 1427 se
892 1362 971 1426 mihi
998 1364 1149 1447 praebere
1172 1362 1302 1445 solebat,

166 1506 262 1568 quam
284 1483 547 1568 Bambergensis,
576 1483 626 1546 cui
654 1484 760 1566 plures
782 1481 948 1546 inhaerent
969 1481 1148 1546 scholarum
1170 1472 1302 1545 offuciae

165 1605 260 1685 atque
283 1601 402 1668 sordes,
526 1689 528 1693 ,

250 1720 390 1784 Transeo
414 1720 452 1783 ad
474 1720 624 1784 minutias
652 1719 911 1805 orthographiae,
941 1743 1019 1804 quae
1048 1724 1157 1784 tamen
1185 1723 1302 1814 quanto

166 1840 299 1903 leviores
328 1839 405 1903 olim
433 1842 507 1902 sunt
528 1839 628 1923 visae,
659 1841 750 1902 tanto
773 1839 949 1903 accuratius
977 1839 1071 1904 hodie
1099 1838 1303 1922 explorentur

165 1979 294 2022 necesse
328 1961 386 2021 est.
442 1957 646 2039 quamobrem
680 1956 845 2042 diligentia
880 1979 943 2041 qua
978 1958 1145 2042 oportebat
1181 1979 1304 2021 summa

167 2075 322 2140 eiusmodi
354 2075 522 2139 varietates
558 2075 702 2140 codicum
731 2076 800 2141 PB
826 2061 937 2144 omnes
967 2076 1118 2160 descripsi
1133 2105 1138 2112 ·
1151 2077 1185 2140 in
1217 2077 1304 2140 varia

167 2193 318 2279 lectione,
353 2216 458 2258 erasas
487 2195 609 2258 litteras
643 2216 774 2277 quarum
807 2195 943 2279 vestigia
976 2199 1144 2278 supersunt
1174 2196 1302 2279 punctis

167 2313 323 2395 expressi,
339 2334 418 2395 quae
433 2314 519 2377 cerni
535 2317 711 2397 nequeunt,
732 2336 784 2377 eas
798 2336 857 2397 pro
872 2334 1004 2377 numero
1019 2335 1083 2376 una
1097 2314 1147 2378 vel
1160 2314 1303 2398 pluribus

168 2430 259 2494 lineis
288 2431 424 2496 indicavi
453 2433 513 2497 sic:
546 2441 560 2508 l
587 2435 615 2517 sl
639 2435 683 2517 sss
695 2456 698 2461 ·
709 2437 774 2518 sslf.
820 2433 899 2497 haec
932 2436 1040 2496 tamen
1069 2433 1134 2496 fere
1167 2436 1327 2516 praeter·-

166 2550 256 2615 misi:
291 2572 333 2633 ae,
363 2572 516 2635 «ἔτ-αθ,
548 2553 719 2635 d=um,
743 2572 772 2634 q.
795 2573 934 2635 =que,
959 2551 1226 2616 orbs=omnes
1268 2554 1302 2617 in

167 2661 237 2752 ipso
266 2670 415 2733 contextu
444 2670 687 2753 uniuscuiusque
715 2671 802 2734 verbi
830 2670 987 2734 scribendi
1014 2670 1172 2735 rationem
1198 2671 1301 2755 recepi

168 2810 251 2870 eam,
276 2809 370 2871 quam
392 2809 459 2851 non
481 2788 615 2873 singulis
631 2789 708 2853 locis
731 2790 785 2852 sed
807 2810 863 2873 per
885 2792 988 2853 totum
1011 2810 1137 2854 carmen
1159 2789 1302 2855 codicum
1394 2790 1398 2797 '

170 2905 239 2971 PB
260 2928 417 2971 consensu
440 2907 658 2971 confirmatam
680 2908 814 2991 repperi.

252 3025 289 3089 Id
316 3048 414 3089 unum
443 3025 578 3110 denique
606 3026 702 3111 addo,
742 3027 938 3092 Achilleidos
965 3050 1073 3092 versus
1106 3028 1208 3112 primo
1242 3028 1303 3091 hoc

159 3121 455 3226 voperislvolumine
476 3145 522 3208 eis
544 3145 658 3228 quibus
680 3145 783 3209 adhuc
805 3147 909 3210 solent
938 3147 1078 3210 numeris
1099 3146 1218 3229 notari,
1240 3123 1303 3210 ¹sed
1352 3226 1358 3239 .

169 3261 205 3324 in
240 3261 309 3345 ipsa
341 3263 537 3328 Achilleidos
573 3264 712 3328 edItione
743 3264 912 3349 primarios
943 3286 1091 3330 numeros
1123 3264 1202 3329 alios
1235 3286 1303 3329 esse
1354 3260 1358 3266 ’

168 3381 302 3445 futuros.
354 3386 389 3446 ut
420 3382 504 3447 enim
534 3386 656 3447 taceam
689 3384 837 3448 carminis
869 3407 888 3447 a
919 3361 1014 3468 poeta
1041 3384 1081 3448 ad
1112 3385 1208 3448 finem
1237 3405 1304 3448 non

169 3499 313 3582 perducti
335 3499 588 3566 distributionem
603 3503 691 3566 illam
710 3482 1046 3588 quinquepertitatem,
1071 3526 1164 3587 quam
1185 3503 1305 3567 habent

169 3618 261 3681 multi
283 3620 357 3684 libri
372 3620 480 3703 scripti
497 3621 634 3705 olimque
652 3622 833 3686 retinebant
854 3606 1014 3707 impressi,
1036 3644 1077 3686 ne
1092 3645 1163 3687 eam
1177 3622 1303 3706 quidem

170 3759 238 3802 esse
265 3739 428 3822 antiquam
456 3743 594 3824 constat,
630 3762 709 3824 quae
736 3741 831 3805 hodie
859 3741 894 3805 in
920 3740 1111 3806 editionibus
1138 3742 1319 3827 reperitur

170 3856 225 3921 sed
251 3858 372 3942 primus
401 3859 482 3923 liber
510 3860 715 3924 concludatur
742 3859 902 3945 oportebit
925 3881 1032 3944 versu,
1062 3862 1116 3945 qui
1144 3882 1229 3926 nunc
1256 3865 1305 3925 est

170 3975 244 4039 libri
265 3975 298 4040 Π
319 3976 390 4041 286.
427 3978 473 4041 ita
501 3979 585 4043 enim
607 3981 691 4046 recte
718 3980 752 4043 in
774 3980 843 4072 solo
866 3979 973 4043 codice
994 3978 1155 4045 Puteaneo
1178 4003 1304 4046 carmen

170 4094 359 4178 dispositum
374 4118 441 4161 esse
456 4099 614 4162 testantur
629 4097 808 4162 Priscianus
823 4095 896 4162 inst.
912 4097 976 4162 VH
993 4098 1047 4182 12,
1071 4099 1112 4165 65
1135 4100 1303 4186 (gramma-

168 4214 304 4278 ticorum
328 4213 511 4281 Latinorum
538 4218 601 4281 vol.
626 4216 659 4281 Π
683 4239 714 4301 p.
739 4216 816 4300 342,
844 4217 878 4303 5)
908 4220 940 4280 et
960 4216 1121 4300 Eutyches
1149 4223 1205 4282 art.
1229 4217 1303 4282 116

170 4334 246 4419 (vol.
269 4333 351 4418 Vp.
375 4336 452 4418 475,
484 4337 544 4418 13).
588 4335 640 4400 hic
663 4335 859 4400 Achilleidos
880 4357 1005 4419 versus,
1035 4338 1089 4419 qui
1117 4359 1202 4401 nunc
1230 4337 1303 4399 sunt
