2948 4942
47 4180 63 4219 Β

484 342 492 357 ·
570 377 661 419 suA‘rI
686 378 864 419 munnrnos
879 374 904 418 11

250 529 366 597 fratris,
389 527 533 587 Echionia
556 534 678 587 steterat
700 528 830 604 privatus
853 529 882 587 in
905 528 984 598 aula,

251 639 414 718 respiciens
438 636 568 698 descisse
591 636 663 697 deos
685 637 860 716 trepidoque
882 636 1009 697 tumultu

251 746 381 827 dilapsos
404 748 543 816 comites,
567 746 680 807 nudum
703 745 779 806 latus
801 765 888 806 omne
911 746 1070 824 fugamque

251 856 396 918 lortunae.
428 875 557 935 namque
578 875 636 917 una
659 875 745 917 soror
767 856 933 933 producere
954 856 1046 916 tristis

251 966 345 1026 exulis
368 984 437 1027 ausa
460 969 536 1034 vias;
560 967 646 1026 etiam
670 966 747 1026 hauc
769 967 798 1025 in
820 965 922 1026 limine
944 967 1041 1043 primo

251 1077 380 1154 liquerat
402 1085 431 1136 et
453 1093 559 1154 magua
581 1074 718 1136 lacrimas
741 1075 899 1136 incluserat
920 1077 972 1137 ira.

253 1194 324 1248 tuuc
348 1203 422 1263 quos
444 1186 592 1246 excedens
614 1184 736 1255 hilares,
761 1187 826 1263 quis
849 1183 945 1245 cultus
966 1186 1060 1262 iniqui

248 1298 427 1375 praecipuus
450 1296 547 1364 ducis,
571 1302 600 1354 et
622 1296 748 1373 profugo
771 1313 846 1372 quos
868 1296 932 1375 ipse
953 1301 1072 1355 notarat

248 1406 430 1483 ingemuisse
451 1405 523 1474 sibi,
547 1423 602 1484 per
624 1413 743 1466 noctem
766 1423 800 1464 ac
821 1404 888 1464 luce
910 1404 965 1464 sub
987 1406 1067 1464 omni

250 1516 373 1594 digerit;
397 1514 524 1575 exedere
548 1517 678 1574 animum
702 1513 787 1574 dolor
808 1516 912 1591 iraque
936 1513 1059 1575 demens

250 1633 293 1697 et,
318 1643 375 1703 qua
398 1642 457 1684 riou
480 1626 597 1701 gravior
619 1623 794 1684 mortalibus
816 1623 915 1684 addita
941 1625 1036 1692 curis,

251 1753 335 1814 spes,
359 1733 411 1794 ubi
434 1732 522 1811 longa
544 1736 632 1794 venit.
664 1734 750 1794 talem
773 1733 828 1795 sub
850 1724 971 1814 pectore
994 1732 1104 1793 nubem

252 1844 366 1905 consilii
390 1843 506 1904 volvens
530 1844 637 1904 Dircen
662 1844 821 1921 Cadmique
845 1851 965 1922 negatas

249 1954 373 2035 adparat
395 1956 440 2014 ire
463 1953 576 2014 domus
607 1954 695 2014 veluti
718 1954 776 2014 dur
797 1960 900 2014 taurus
922 1960 1016 2014 amata

250 2063 323 2124 valle
346 2080 465 2133 carens,
488 2062 606 2142 pulsum
629 2063 715 2124 solito
738 2081 826 2140 quem
848 2064 981 2142 gramine
1005 2063 1097 2123 victor

250 2175 336 2235 iussit
358 2172 394 2234 ab
419 2181 520 2252 erepta
543 2173 631 2251 longe
653 2175 770 2250 mugire
791 2174 929 2243 iuvenca,

165 2483 290 2524 TESTES.
314 2480 485 2523 AVCTORES·
509 2480 714 2522 mucrones.

232 2575 281 2622 313
301 2586 340 2635 sq.
361 2571 490 2634 ‘namque
504 2568 630 2623 ...vias’
651 2569 735 2620 schol.
749 2570 836 2623 Theb.
849 2569 904 2620 XII
915 2570 965 2620 405
1038 2572 1088 2621 323
1101 2585 1159 2634 sqq.
1174 2569 1211 2619 cf.
1226 2572 1317 2638 Verg.

164 2655 256 2703 georg.
274 2640 318 2688 III
335 2641 384 2688 225
401 2653 459 2702 sqq.
478 2638 569 2688 victus
582 2639 640 2688 abit
659 2639 794 2702 longeque
807 2639 911 2702 ignotis
924 2637 1018 2686 exulat
1032 2638 1086 2686 oris
1098 2638 1184 2686 multa
1197 2652 1319 2702 gemens

164 2707 341 2770 ignominiam
364 2705 513 2770 plagasque
537 2706 650 2770 superbi
672 2706 799 2767 uictoris,
825 2711 883 2754 tum
905 2720 973 2768 quos
996 2705 1089 2754 amisit
1112 2703 1217 2757 inultus
1238 2720 1318 2756 amo·

164 2789 219 2834 10ος
246 2779 274 2823 01
297 2773 407 2822 stabula
430 2778 580 2837 aspectans
603 2773 695 2837 regnis
718 2773 836 2822 excessit
859 2773 956 2833 avitis;
998 2774 1102 2821 Lucan.
1125 2773 1154 2822 11
1177 2773 1227 2822 601
1252 2789 1318 2838 sqq.

164 2842 259 2904 pulsus
277 2847 309 2889 ut
326 2841 458 2890 armentis
480 2842 566 2905 primo
586 2841 735 2891 certamine
758 2847 855 2890 taurus
878 2840 1008 2889 silvarum
1027 2844 1135 2890 secreta
1153 2840 1240 2904 petit,
1264 2856 1318 2891 va-

163 2923 283 2972 cuosque
308 2923 357 2973 per
374 2923 456 2973 agros
479 2908 542 2957 exul
564 2909 593 2957 in
613 2909 738 2957 adversis
761 2908 887 2971 explorat
906 2923 1008 2956 cornua
1027 2907 1146 2968 truncis,
1165 2922 1216 2956 nec
1237 2908 1318 2958 redit

163 2977 192 3023 in
210 2981 316 3040 pastus,
335 2976 389 3025 nisi
407 2991 467 3025 cum
485 2977 595 3026 cervice
614 2975 723 3039 repleta
742 2977 852 3025 excussi
869 2975 999 3039 placuere
1019 2975 1085 3035 tori;
1109 2990 1170 3024 mox
1194 2975 1315 3026 reddita

163 3044 252 3093 victor
275 3043 413 3107 quoslibet
440 3044 469 3092 in
497 3043 585 3094 saltus
609 3044 805 3094 comitantibus
828 3043 938 3108 agmina
965 3043 1055 3092 tauris
1079 3042 1169 3092 invito
1192 3047 1312 3106 pastore

163 3111 251 3160 trahit

161 3386 258 3427 VARIA
281 3385 406 3426 LECTIO.

226 3472 285 3528 311
310 3463 470 3544 respiciens]
495 3471 631 3542 suspirans
652 3471 794 3525 Bortbins
808 3459 822 3547 Η
837 3469 933 3525 deeisle
953 3470 974 3541 f
978 3463 988 3501 ¹
1010 3468 1101 3524 abiille
1123 3467 1269 3526 ediscelse
1291 3490 1315 3544 p

165 3560 272 3615 Tollius
294 3571 333 3611 eor
353 3571 405 3610 ms.
436 3556 476 3609 nd
495 3555 602 3610 Ancon.
629 3573 659 3624 p.
684 3553 746 3612 270
775 3554 869 3608 dulillo
899 3556 987 3610 Tnnr.
1016 3553 1119 3609 decelle
1134 3567 1315 3628 'anonymus

162 3660 249 3699 ems.
335 3709 339 3716 Ι
380 3637 441 3695 313
465 3639 547 3693 triltil
566 3639 613 3710 Pf
634 3640 723 3695 schol.
750 3639 836 3694 Tneu.
861 3638 904 3692 Xll
935 3639 987 3695 105
1011 3638 1100 3694 tristel
1121 3638 1184 3694 ΒΜ

163 3727 224 3784 314
246 3719 327 3798 lianc]
353 3724 389 3795 ‘f.
414 3723 492 3778 haec’
515 3724 720 3779 anbmunnns
805 3723 865 3778 315
890 3723 930 3795 cf.
958 3724 1044 3779 Theb.
1062 3723 1083 3776 V
1100 3722 1160 3778 654
1184 3722 1231 3777 llll
1247 3723 1311 3782 318

226 3811 286 3866 310
310 3809 404 3864 biraril
425 3809 514 3863 scdol.
539 3809 639 3863 Bumb.
657 3799 671 3885 ΙΙ
687 3807 779 3863 uultus
800 3803 826 3861 ν1
953 3808 1012 3864 317
1038 3814 1065 3862 01
1088 3824 1140 3862 om.
1163 3807 1185 3877 f

163 3895 222 3951 319
247 3894 354 3967 liegerit
377 3887 417 3948 B¹
440 3885 452 3969 11
474 3892 605 3968 estedore
630 3894 656 3947 Β
677 3891 703 3964 (0
730 3908 808 3948 eros.
832 3910 907 3948 mon.
933 3890 961 3963 3)
984 3885 998 3970 ΙΙ
1016 3893 1124 3966 piraque
1148 3893 1175 3946 Β

163 3980 225 4036 320
247 3977 318 4032 cirris
337 3978 364 4031 P
388 3979 531 4048 probante
560 3978 679 4032 Heinsio
707 3980 747 4033 od
772 3977 849 4032 Ouid.
873 3979 936 4032 ner.
958 3976 981 4030 ll
1004 3976 1021 4032 9
1044 3992 1108 4030 cura
1140 3978 1205 4044 (sed
1230 3980 1260 4033 in
1283 3978 1311 4032 B

160 4067 231 4120 lutet
254 4064 305 4118 sub
327 4079 341 4116 a
364 4065 445 4118 nlind
465 4063 544 4135 quid)
563 4061 623 4116 ΒΜ
718 4062 777 4118 321
804 4060 844 4132 cf.
872 4063 958 4116 Theb.
982 4061 992 4114 l
1016 4060 1076 4115 322
1100 4077 1142 4132 sq.
1160 4054 1173 4139 11
1190 4062 1266 4137 uenis
1285 4061 1311 4115 B

226 4148 286 4205 322
310 4146 416 4201 Consilii
439 4149 483 4218 Pp
511 4146 695 4202 Sodraderns
723 4147 838 4204 Conlilio
863 4147 925 4201 ΒΜ
948 4145 1062 4201 consilio
1091 4144 1200 4200 solvens
1231 4146 1308 4201 Bor-

163 4236 238 4289 tlrins
366 4231 426 4288 323
455 4235 571 4304 Apparet
594 4232 626 4286 M
646 4226 659 4309 11
680 4233 763 4288 veluti
790 4247 850 4287 cum
877 4239 970 4285 taurus
1006 4231 1074 4284 avita
1103 4230 1244 4286 Heinsius
1272 4231 1311 4285 ad

163 4320 262 4375 Claud.
287 4319 349 4373 bell.
375 4317 435 4372 Get.
460 4317 523 4372 410
550 4323 648 4391 asmata
673 4319 699 4371 B
807 4314 868 4372 324
891 4315 975 4388 pullis
994 4313 1080 4369 solido
1105 4314 1178 4369 Ben.

226 4404 286 4462 325
303 4408 408 4474 arrepta
421 4419 442 4472 p
457 4393 470 4481 Ι]
485 4401 599 4475 longum
616 4402 721 4475 mugire
743 4403 883 4458 Heinsius
902 4403 922 4456 1.
941 4404 961 4458 l.
982 4399 994 4452 l
1011 4400 1127 4472 migrare
1142 4391 1183 4455 P²
